2738 4866
157 362 252 402 rann.
267 361 322 401 vn.
365 340 411 405 itu
426 342 537 416 ίιιιιιοιι,
552 349 587 402 ut
599 341 702 402 mmriu
715 341 817 403 sedulo
832 341 1000 404 cummtur.
1163 343 1201 410 91

109 556 114 567 ·
156 509 310 604 ἐνοργεία
338 508 400 578 illa
421 509 583 600 simplex,
607 518 645 578 et
669 510 786 578 vivida
808 511 861 579 vis
887 509 1005 590 animi,
1030 511 1207 599 praeterita

156 626 367 706 revocantis,
389 632 427 694 et
449 624 520 693 huc
543 624 638 704 illuc,
656 646 727 714 quo
750 624 835 692 velit
853 624 977 706 Poeta,
998 646 1074 692 sese
1095 634 1208 695 traus-

157 740 314 808 ferentis.
367 737 533 829 Exempli
558 740 691 830 gratia:
721 737 868 830 languet
894 760 1042 828 prorsus,
1070 741 1206 809 sicum

157 851 273 921 Iliade
296 861 531 944 comparatur,
554 853 679 922 militia
698 853 830 933 AEneae,
845 851 998 944 Virgilio
1021 864 1205 924 narrante:

156 966 213 1035 vel
247 966 330 1057 quia
366 967 525 1058 plurimis
566 965 692 1036 diffusa
727 966 917 1046 mensibus,
953 965 1009 1034 vel
1043 968 1125 1056 quia
1161 970 1207 1038 sit

157 1080 359 1173 longinquis
400 1082 511 1151 divisa
549 1083 760 1174 regionibus,
796 1081 988 1172 multisque
1027 1093 1063 1151 et
1105 1085 1207 1154 variis

157 1197 310 1288 negotiis
339 1196 521 1288 implicita,
556 1221 627 1266 non
662 1199 714 1266 ite
743 1197 864 1288 rapide
893 1199 938 1266 ad
967 1221 1076 1267 uuum
1107 1200 1205 1289 quasi

157 1321 332 1401 punctum
362 1312 600 1405 vergentibus.
663 1312 754 1393 Quae
789 1312 874 1381 licet
908 1314 997 1381 mira
1026 1321 1103 1381 arte
1136 1314 1207 1382 siut

157 1434 338 1507 contexta,
372 1425 448 1495 fieri
483 1434 603 1494 tamen
635 1427 694 1495 vix
728 1427 856 1517 potuit,
890 1428 975 1517 quin
1010 1426 1127 1517 aliqua
1160 1451 1206 1496 ex

156 1547 258 1629 parte
281 1550 470 1633 vagaretur
489 1541 636 1622 animus,
658 1548 695 1609 et
721 1541 862 1632 segnius
884 1540 999 1609 multo
1022 1541 1206 1612 festinaret

156 1656 202 1724 ad
220 1664 400 1725 eventurn.
432 1655 555 1725 Verbo
570 1657 695 1736 dicam,
706 1655 877 1748 Virgilius
894 1657 931 1725 in
949 1655 1034 1725 belli
1051 1657 1206 1725 universi

157 1769 318 1852 fortunis,
336 1792 375 1838 re
393 1793 476 1839 sane
500 1767 700 1859 multiplici,
719 1767 856 1836 detinet
873 1769 1029 1837 animos:
1056 1767 1206 1848 Iliadem

157 1886 219 1975 qui
247 1884 347 1977 legit,
374 1885 480 1954 unius
507 1884 621 1976 proelii
646 1884 786 1951 videtur
815 1884 881 1952 sibi
912 1885 1005 1953 vices
1035 1893 1205 1975 spectare,

157 2005 195 2064 et
220 1996 331 2065 veluti
353 1979 605 2087 Thucydideus'
625 1995 685 2064 ille
710 1996 897 2077 exercitus,
917 1993 956 2063 δι’
973 1996 1092 2086 ὀλίγου
1109 1997 1206 2076 οὔσης

156 2119 216 2192 τῆς
233 2115 353 2187 θεᾶς..
372 2111 419 2181 ἀεὶ
438 2112 516 2206 παρ’
535 2111 653 2200 ὅλιγον
671 2109 688 2190 ἢ
707 2108 895 2205 διαφεύγειν
913 2109 930 2190 iz
948 2110 1171 2180 ἀπόλλυσθαι.

223 2228 354 2319 Neque
383 2250 468 2297 vero
494 2227 688 2318 quidquam
723 2227 939 2296 obstiterunt
970 2230 1139 2318 temporis
1169 2237 1206 2297 et

156 2341 316 2412 locorum
339 2345 520 2437 angustiae,
539 2344 727 2433 quominus
751 2345 847 2411 omni
868 2366 998 2435 genere
1017 2343 1205 2434 praeliandi,

118 2493 123 2502 ·
157 2459 255 2527 omni
282 2459 398 2529 officio
427 2459 583 2528 militum
613 2481 654 2527 ac
685 2459 816 2526 ducum
846 2482 909 2549 pro
940 2467 1100 2550 tempore
1127 2482 1207 2528 suos
1301 2482 1303 2487 ·

157 2583 342 2643 exerceret
370 2574 493 2643 Poeta.
556 2572 719 2641 Maxime
749 2573 893 2662 quidem
925 2595 1065 2664 semper
1092 2572 1208 2642 delec-

157 2698 256 2757 tatur
278 2689 378 2779 justa
410 2688 472 2758 illa
505 2711 546 2757 ac
576 2686 694 2756 stabili
730 2710 867 2780 pugna:
903 2711 1010 2777 quam
1042 2688 1206 2778 equidem

158 2804 309 2872 dixerim
332 2805 376 2873 ad
400 2803 581 2873 fastidium
608 2825 719 2893 usque
744 2803 867 2892 repeti,
892 2803 920 2871 si
943 2802 1050 2870 modo
1075 2802 1208 2892 aliquid

158 2919 252 3009 apud
271 2916 471 2987 Homerum
488 2919 599 3009 possit
619 2939 775 3008 unquam
796 2916 939 2985 fastidio
960 2915 1206 2985 adhaerescere.

159 3031 298 3104 Verum
316 3043 354 3102 et
370 3033 469 3102 locus
487 3034 591 3102 datur
607 3032 859 3122 componendis
876 3031 1018 3122 paribus
1035 3029 1207 3099 nobilium

158 3147 383 3229 bellatorum,
413 3171 507 3218 nuno
542 3148 647 3217 forte.
669 3148 943 3228 occurrentium,
974 3169 1068 3216 nuuc
1102 3155 1215 3237 pacto-

157 3263 312 3345 foedere3
348 3271 386 3331 et
413 3261 562 3332 celebris
595 3260 657 3330 illa
688 3260 892 3354 τειχομαχία
923 3261 1132 3344 instruitur3
1171 3270 1207 3330 et

158 3387 265 3449 nocte
281 3379 411 3472 egressi
426 3377 619 3448 Diomedes
637 3386 674 3446 et
690 3375 837 3468 Ulysses
850 3386 965 3445 castra
977 3375 1208 3467 Trojauorum

157 3493 293 3564 insidiis
321 3501 483 3575 tentant3
509 3502 546 3562 et
567 3492 661 3582 quod
685 3514 796 3560 unum
822 3499 877 3560 est
901 3491 1012 3560 instar
1038 3494 1207 3571 omnium,

156 3632 230 3678 non
257 3610 396 3702 ingenio
420 3619 457 3678 et
482 3616 558 3677 arte
580 3606 714 3688 variari,
740 3606 800 3675 sed
827 3607 872 3675 ab
895 3606 972 3696 ipso
997 3614 1207 3674 eventorum

158 3724 280 3792 ordine
297 3723 469 3815 proficisci
487 3725 637 3803 videtur,
655 3721 822 3812 quicquid
842 3730 963 3813 agunt.

208 3838 313 3908 Vidit
338 3839 516 3919 nimirum,
542 3861 612 3929 quo
640 3846 715 3906 erat
742 3835 900 3916 consilio,
924 3836 1045 3916 Poeta,
1069 3837 1096 3904 si
1121 3836 1208 3904 istos

158 3955 225 4024 sibi
242 3954 437 4024 constituat
454 3953 634 4034 terminos,
652 3953 786 4044 optime
804 3960 841 4019 et
859 3950 981 4041 patriae
1005 3950 1205 4019 consultum

157 4072 200 4139 iri
235 4068 408 4151 laudibus,
439 4077 477 4137 et
510 4070 585 4160 ejus
620 4068 694 4148 viri,
724 4089 831 4157 quem
867 4067 932 4134 sibi
963 4066 1207 4157 designaverat

156 4185 304 4254 unicum
341 4183 490 4254 heroicae
528 4183 656 4253 indolis
694 4180 888 4272 exemplar.
959 4179 1091 4269 Neque
1125 4203 1207 4250 vero

157 4297 337 4370 Asiaticos
362 4300 513 4368 moleste
539 4299 682 4377 laturos,
705 4321 787 4367 cum
815 4306 852 4366 et
874 4296 1023 4367 Hectori
1049 4317 1112 4365 suo
1133 4305 1207 4364 tam
