<?xml version="1.0" encoding="UTF-8"?>
<!DOCTYPE html PUBLIC "-//W3C//DTD XHTML 1.0 Transitional//EN"
    "http://www.w3.org/TR/xhtml1/DTD/xhtml1-transitional.dtd">
<html xmlns="http://www.w3.org/1999/xhtml" xml:lang="en" lang="en">
 <head>
  <title>
</title>
<meta http-equiv="Content-Type" content="text/html;charset=utf-8" />
  <meta name='ocr-system' content='tesseract 3.04.00' />
  <meta name='ocr-capabilities' content='ocr_page ocr_carea ocr_par ocr_line ocrx_word'/>
</head>
<body>
  <div class='ocr_page' id='page_1' title='image "./depoeticaevimed01keblgoog_0067.png"; bbox 0 0 2738 4866; ppageno 0'>
   <div class='ocr_carea' id='block_1_1' title="bbox 242 328 1287 392">
    <p class='ocr_par' dir='ltr' id='par_1_1' title="bbox 242 328 1287 392">
     <span class='ocr_line' id='line_1_1' title="bbox 242 328 1287 392; baseline 0 -4"><span class='ocrx_word' id='word_1_1' title='bbox 242 329 286 389; x_wconf 79' lang='lat'>54</span> <span class='ocrx_word' id='word_1_2' title='bbox 545 328 713 390; x_wconf 75' lang='lat' dir='ltr'>Primora&#39;oe</span> <span class='ocrx_word' id='word_1_3' title='bbox 727 329 850 392; x_wconf 75' lang='lat' dir='ltr'>Perseos</span> <span class='ocrx_word' id='word_1_4' title='bbox 863 329 992 391; x_wconf 77' lang='lat' dir='ltr'>Iudicia</span> <span class='ocrx_word' id='word_1_5' title='bbox 1136 350 1231 390; x_wconf 79' lang='lat' dir='ltr'>rann.</span> <span class='ocrx_word' id='word_1_6' title='bbox 1248 349 1287 390; x_wconf 70' lang='grc' dir='ltr'>ιν.</span> 
     </span>
    </p>
   </div>
   <div class='ocr_carea' id='block_1_2' title="bbox 236 489 1289 1374">
    <p class='ocr_par' dir='ltr' id='par_1_2' title="bbox 236 489 1289 1143">
     <span class='ocr_line' id='line_1_2' title="bbox 243 489 1289 580; baseline -0.001 -21"><span class='ocrx_word' id='word_1_7' title='bbox 243 492 337 572; x_wconf 89' lang='lat' dir='ltr'>dere,</span> <span class='ocrx_word' id='word_1_8' title='bbox 366 499 408 558; x_wconf 94' lang='lat' dir='ltr'>ut</span> <span class='ocrx_word' id='word_1_9' title='bbox 438 497 514 558; x_wconf 89' lang='lat' dir='ltr'>erat</span> <span class='ocrx_word' id='word_1_10' title='bbox 544 489 601 557; x_wconf 87' lang='lat' dir='ltr'>vel</span> <span class='ocrx_word' id='word_1_11' title='bbox 630 489 844 580; x_wconf 78' lang='lat' dir='ltr'>ingeniosior</span> <span class='ocrx_word' id='word_1_12' title='bbox 872 491 1032 580; x_wconf 87' lang='lat' dir='ltr'>quisque,</span> <span class='ocrx_word' id='word_1_13' title='bbox 1062 491 1119 559; x_wconf 89' lang='lat' dir='ltr'>vel</span> <span class='ocrx_word' id='word_1_14' title='bbox 1154 492 1289 560; x_wconf 88' lang='lat' dir='ltr'>aurium</span> 
     </span>
     <span class='ocr_line' id='line_1_3' title="bbox 236 602 1288 696; baseline 0.001 -24"><span class='ocrx_word' id='word_1_15' title='bbox 236 605 372 696; x_wconf 88' lang='lat' dir='ltr'>judicio</span> <span class='ocrx_word' id='word_1_16' title='bbox 398 602 570 682; x_wconf 90' lang='lat' dir='ltr'>subtilior,</span> <span class='ocrx_word' id='word_1_17' title='bbox 598 602 655 671; x_wconf 86' lang='lat' dir='ltr'>vel</span> <span class='ocrx_word' id='word_1_18' title='bbox 685 626 746 672; x_wconf 89' lang='lat' dir='ltr'>ore</span> <span class='ocrx_word' id='word_1_19' title='bbox 771 605 904 694; x_wconf 90' lang='lat' dir='ltr'>majora</span> <span class='ocrx_word' id='word_1_20' title='bbox 929 613 1105 674; x_wconf 87' lang='lat' dir='ltr'>sonaturo.</span> <span class='ocrx_word' id='word_1_21' title='bbox 1159 605 1288 694; x_wconf 83' lang='lat' dir='ltr'>Neque</span> 
     </span>
     <span class='ocr_line' id='line_1_4' title="bbox 242 717 1287 809; baseline 0 -23"><span class='ocrx_word' id='word_1_22' title='bbox 242 740 325 786; x_wconf 89' lang='lat' dir='ltr'>sane</span> <span class='ocrx_word' id='word_1_23' title='bbox 348 717 436 785; x_wconf 93' lang='lat' dir='ltr'>nihil</span> <span class='ocrx_word' id='word_1_24' title='bbox 460 717 619 807; x_wconf 88' lang='lat' dir='ltr'>profecit,</span> <span class='ocrx_word' id='word_1_25' title='bbox 637 718 731 806; x_wconf 92' lang='lat' dir='ltr'>quod</span> <span class='ocrx_word' id='word_1_26' title='bbox 752 718 906 809; x_wconf 85' lang='lat' dir='ltr'>gratiosa</span> <span class='ocrx_word' id='word_1_27' title='bbox 923 720 1083 808; x_wconf 86' lang='lat' dir='ltr'>quaedam</span> <span class='ocrx_word' id='word_1_28' title='bbox 1097 741 1177 801; x_wconf 82' lang='lat' dir='ltr'>ars,</span> <span class='ocrx_word' id='word_1_29' title='bbox 1193 717 1287 808; x_wconf 92' lang='lat' dir='ltr'>quod</span> 
     </span>
     <span class='ocr_line' id='line_1_5' title="bbox 242 830 1287 920; baseline 0.004 -21"><span class='ocrx_word' id='word_1_30' title='bbox 242 830 420 899; x_wconf 90' lang='lat' dir='ltr'>nonnullis</span> <span class='ocrx_word' id='word_1_31' title='bbox 446 831 554 898; x_wconf 87' lang='lat' dir='ltr'>etiam</span> <span class='ocrx_word' id='word_1_32' title='bbox 580 838 787 920; x_wconf 87' lang='lat' dir='ltr'>quaestuosa,</span> <span class='ocrx_word' id='word_1_33' title='bbox 805 832 991 901; x_wconf 89' lang='lat' dir='ltr'>videbatur</span> <span class='ocrx_word' id='word_1_34' title='bbox 1012 833 1145 903; x_wconf 90' lang='lat' dir='ltr'>Poesis.</span> <span class='ocrx_word' id='word_1_35' title='bbox 1199 834 1287 902; x_wconf 92' lang='lat' dir='ltr'>Inde</span> 
     </span>
     <span class='ocr_line' id='line_1_6' title="bbox 243 942 1286 1037; baseline 0.003 -23"><span class='ocrx_word' id='word_1_36' title='bbox 243 945 427 1037; x_wconf 80' lang='lat' dir='ltr'>paullatim</span> <span class='ocrx_word' id='word_1_37' title='bbox 466 945 587 1036; x_wconf 91' lang='lat' dir='ltr'>primis</span> <span class='ocrx_word' id='word_1_38' title='bbox 624 942 694 1012; x_wconf 92' lang='lat' dir='ltr'>illis</span> <span class='ocrx_word' id='word_1_39' title='bbox 731 945 884 1013; x_wconf 74' lang='lat' dir='ltr'>accrevit</span> <span class='ocrx_word' id='word_1_40' title='bbox 921 946 1059 1016; x_wconf 87' lang='lat' dir='ltr'>infinita</span> <span class='ocrx_word' id='word_1_41' title='bbox 1097 947 1286 1017; x_wconf 89' lang='lat' dir='ltr'>Poetarum</span> 
     </span>
     <span class='ocr_line' id='line_1_7' title="bbox 241 1063 410 1143; baseline 0.006 -13"><span class='ocrx_word' id='word_1_42' title='bbox 241 1063 410 1143; x_wconf 82' lang='lat' dir='ltr'>varietas3</span> 
     </span>
    </p>

    <p class='ocr_par' dir='ltr' id='par_1_3' title="bbox 382 1217 1084 1290">
     <span class='ocr_line' id='line_1_8' title="bbox 382 1217 1084 1290; baseline 0.001 -17"><span class='ocrx_word' id='word_1_43' title='bbox 382 1220 473 1279; x_wconf 77' lang='lat' dir='ltr'>Quam</span> <span class='ocrx_word' id='word_1_44' title='bbox 485 1219 531 1290; x_wconf 90' lang='lat' dir='ltr'>qui</span> <span class='ocrx_word' id='word_1_45' title='bbox 543 1218 609 1272; x_wconf 87' lang='lat' dir='ltr'>scire</span> <span class='ocrx_word' id='word_1_46' title='bbox 621 1218 692 1281; x_wconf 87' lang='lat' dir='ltr'>velit,</span> <span class='ocrx_word' id='word_1_47' title='bbox 706 1217 799 1288; x_wconf 86' lang='lat' dir='ltr'>Libyci</span> <span class='ocrx_word' id='word_1_48' title='bbox 810 1219 873 1273; x_wconf 85' lang='lat' dir='ltr'>velit</span> <span class='ocrx_word' id='word_1_49' title='bbox 885 1219 999 1289; x_wconf 80' lang='lat' dir='ltr'>requoris</span> <span class='ocrx_word' id='word_1_50' title='bbox 1011 1220 1084 1274; x_wconf 91' lang='lat' dir='ltr'>idem</span> 
     </span>
    </p>

    <p class='ocr_par' dir='ltr' id='par_1_4' title="bbox 381 1303 1085 1374">
     <span class='ocr_line' id='line_1_9' title="bbox 381 1303 1085 1374; baseline 0.001 -16"><span class='ocrx_word' id='word_1_51' title='bbox 381 1305 491 1358; x_wconf 84' lang='lat' dir='ltr'>Discere</span> <span class='ocrx_word' id='word_1_52' title='bbox 503 1321 584 1374; x_wconf 90' lang='lat' dir='ltr'>quam</span> <span class='ocrx_word' id='word_1_53' title='bbox 596 1304 688 1357; x_wconf 84' lang='lat' dir='ltr'>multae</span> <span class='ocrx_word' id='word_1_54' title='bbox 701 1303 823 1374; x_wconf 83' lang='lat' dir='ltr'><strong>Zephyro</strong></span> <span class='ocrx_word' id='word_1_55' title='bbox 835 1305 978 1359; x_wconf 85' lang='lat' dir='ltr'>turbentur</span> <span class='ocrx_word' id='word_1_56' title='bbox 989 1323 1085 1370; x_wconf 77' lang='lat' dir='ltr'>arente,</span> 
     </span>
    </p>
   </div>
   <div class='ocr_carea' id='block_1_3' title="bbox 380 1389 1002 1544">
    <p class='ocr_par' dir='ltr' id='par_1_5' title="bbox 380 1389 1002 1544">
     <span class='ocr_line' id='line_1_10' title="bbox 380 1389 985 1460; baseline 0.002 -16"><span class='ocrx_word' id='word_1_57' title='bbox 380 1390 436 1444; x_wconf 89' lang='lat' dir='ltr'>Aut</span> <span class='ocrx_word' id='word_1_58' title='bbox 450 1390 495 1444; x_wconf 89' lang='lat' dir='ltr'>ubi</span> <span class='ocrx_word' id='word_1_59' title='bbox 507 1390 619 1460; x_wconf 82' lang='lat' dir='ltr'>navigiis</span> <span class='ocrx_word' id='word_1_60' title='bbox 632 1389 770 1443; x_wconf 88' lang='lat' dir='ltr'>violentior</span> <span class='ocrx_word' id='word_1_61' title='bbox 781 1389 874 1444; x_wconf 89' lang='lat' dir='ltr'>incidit</span> <span class='ocrx_word' id='word_1_62' title='bbox 886 1391 985 1454; x_wconf 82' lang='lat' dir='ltr'>Eurus,</span> 
     </span>
     <span class='ocr_line' id='line_1_11' title="bbox 380 1474 1002 1544; baseline 0.002 -15"><span class='ocrx_word' id='word_1_63' title='bbox 380 1475 468 1529; x_wconf 87' lang='lat' dir='ltr'>Nosse</span> <span class='ocrx_word' id='word_1_64' title='bbox 480 1484 546 1544; x_wconf 88' lang='lat' dir='ltr'>quot</span> <span class='ocrx_word' id='word_1_65' title='bbox 559 1474 628 1528; x_wconf 90' lang='lat' dir='ltr'>Ionii</span> <span class='ocrx_word' id='word_1_66' title='bbox 639 1475 747 1528; x_wconf 81' lang='lat' dir='ltr'>veniant</span> <span class='ocrx_word' id='word_1_67' title='bbox 761 1475 793 1528; x_wconf 84' lang='lat' dir='ltr'>ad</span> <span class='ocrx_word' id='word_1_68' title='bbox 806 1475 884 1529; x_wconf 85' lang='lat' dir='ltr'>litora</span> <span class='ocrx_word' id='word_1_69' title='bbox 895 1476 1002 1530; x_wconf 87' lang='lat' dir='ltr'>fluetus.</span> 
     </span>
    </p>
   </div>
   <div class='ocr_carea' id='block_1_4' title="bbox 237 1637 1284 2417">
    <p class='ocr_par' dir='ltr' id='par_1_6' title="bbox 237 1637 1284 2417">
     <span class='ocr_line' id='line_1_12' title="bbox 239 1637 1284 1730; baseline 0.005 -23"><span class='ocrx_word' id='word_1_70' title='bbox 239 1637 425 1719; x_wconf 85' lang='lat' dir='ltr'>Attamen,</span> <span class='ocrx_word' id='word_1_71' title='bbox 454 1638 752 1730; x_wconf 84' lang='lat' dir='ltr'>quemadmodum</span> <span class='ocrx_word' id='word_1_72' title='bbox 775 1639 812 1706; x_wconf 94' lang='lat' dir='ltr'>in</span> <span class='ocrx_word' id='word_1_73' title='bbox 838 1639 980 1708; x_wconf 82' lang='lat' dir='ltr'>musicis</span> <span class='ocrx_word' id='word_1_74' title='bbox 1005 1640 1080 1708; x_wconf 86' lang='lat' dir='ltr'>fieri</span> <span class='ocrx_word' id='word_1_75' title='bbox 1106 1641 1219 1724; x_wconf 85' lang='lat' dir='ltr'>aiunt,</span> <span class='ocrx_word' id='word_1_76' title='bbox 1245 1653 1284 1712; x_wconf 91' lang='lat' dir='ltr'>ut</span> 
     </span>
     <span class='ocr_line' id='line_1_13' title="bbox 239 1752 1283 1845; baseline 0.005 -22"><span class='ocrx_word' id='word_1_77' title='bbox 239 1776 302 1824; x_wconf 82' lang='lat' dir='ltr'>sua</span> <span class='ocrx_word' id='word_1_78' title='bbox 337 1754 465 1844; x_wconf 87' lang='lat' dir='ltr'>cuique</span> <span class='ocrx_word' id='word_1_79' title='bbox 500 1752 691 1822; x_wconf 75' lang='lat' dir='ltr'>harmoniae</span> <span class='ocrx_word' id='word_1_80' title='bbox 729 1753 836 1821; x_wconf 91' lang='lat' dir='ltr'>insint</span> <span class='ocrx_word' id='word_1_81' title='bbox 875 1755 973 1844; x_wconf 91' lang='lat' dir='ltr'>quasi</span> <span class='ocrx_word' id='word_1_82' title='bbox 1013 1756 1214 1845; x_wconf 88' lang='lat' dir='ltr'>primordia,</span> <span class='ocrx_word' id='word_1_83' title='bbox 1247 1769 1283 1828; x_wconf 92' lang='lat' dir='ltr'>et</span> 
     </span>
     <span class='ocr_line' id='line_1_14' title="bbox 238 1867 1282 1960; baseline 0.005 -22"><span class='ocrx_word' id='word_1_84' title='bbox 238 1870 373 1938; x_wconf 92' lang='lat' dir='ltr'>semina</span> <span class='ocrx_word' id='word_1_85' title='bbox 393 1870 563 1958; x_wconf 86' lang='lat' dir='ltr'>quaedam,</span> <span class='ocrx_word' id='word_1_86' title='bbox 581 1867 707 1957; x_wconf 90' lang='lat' dir='ltr'>quibus</span> <span class='ocrx_word' id='word_1_87' title='bbox 733 1867 844 1935; x_wconf 89' lang='lat' dir='ltr'>semel</span> <span class='ocrx_word' id='word_1_88' title='bbox 868 1869 936 1937; x_wconf 90' lang='lat' dir='ltr'>rite</span> <span class='ocrx_word' id='word_1_89' title='bbox 962 1872 1147 1960; x_wconf 84' lang='lat' dir='ltr'>perceptis,</span> <span class='ocrx_word' id='word_1_90' title='bbox 1175 1874 1282 1943; x_wconf 89' lang='lat' dir='ltr'>totius</span> 
     </span>
     <span class='ocr_line' id='line_1_15' title="bbox 237 1980 1280 2077; baseline 0.005 -26"><span class='ocrx_word' id='word_1_91' title='bbox 237 1983 428 2052; x_wconf 85' lang='lat' dir='ltr'>harmoniae</span> <span class='ocrx_word' id='word_1_92' title='bbox 453 2005 585 2077; x_wconf 86' lang='lat' dir='ltr'>nexum</span> <span class='ocrx_word' id='word_1_93' title='bbox 608 1980 808 2075; x_wconf 86' lang='lat' dir='ltr'>intelligere</span> <span class='ocrx_word' id='word_1_94' title='bbox 825 1983 955 2073; x_wconf 86' lang='lat' dir='ltr'>possis:</span> <span class='ocrx_word' id='word_1_95' title='bbox 982 1986 1033 2053; x_wconf 91' lang='lat' dir='ltr'>ita</span> <span class='ocrx_word' id='word_1_96' title='bbox 1050 1985 1173 2055; x_wconf 89' lang='lat' dir='ltr'>Poesis</span> <span class='ocrx_word' id='word_1_97' title='bbox 1195 1987 1280 2056; x_wconf 91' lang='lat' dir='ltr'>illud</span> 
     </span>
     <span class='ocr_line' id='line_1_16' title="bbox 238 2097 1281 2188; baseline 0.004 -22"><span class='ocrx_word' id='word_1_98' title='bbox 238 2099 292 2166; x_wconf 91' lang='lat' dir='ltr'>sui</span> <span class='ocrx_word' id='word_1_99' title='bbox 312 2098 464 2178; x_wconf 90' lang='lat' dir='ltr'>initium,</span> <span class='ocrx_word' id='word_1_100' title='bbox 482 2097 734 2188; x_wconf 82' lang='lat' dir='ltr'>pristinamque</span> <span class='ocrx_word' id='word_1_101' title='bbox 755 2119 796 2165; x_wconf 88' lang='lat' dir='ltr'>ac</span> <span class='ocrx_word' id='word_1_102' title='bbox 816 2101 992 2188; x_wconf 87' lang='lat' dir='ltr'>propriam</span> <span class='ocrx_word' id='word_1_103' title='bbox 1014 2101 1182 2170; x_wconf 87' lang='lat' dir='ltr'>medendi</span> <span class='ocrx_word' id='word_1_104' title='bbox 1200 2103 1281 2184; x_wconf 88' lang='lat' dir='ltr'>vim,</span> 
     </span>
     <span class='ocr_line' id='line_1_17' title="bbox 237 2211 1282 2305; baseline 0.003 -25"><span class='ocrx_word' id='word_1_105' title='bbox 237 2212 335 2281; x_wconf 92' lang='lat' dir='ltr'>nullo</span> <span class='ocrx_word' id='word_1_106' title='bbox 353 2222 512 2303; x_wconf 87' lang='lat' dir='ltr'>tempore</span> <span class='ocrx_word' id='word_1_107' title='bbox 530 2235 600 2280; x_wconf 90' lang='lat' dir='ltr'>non</span> <span class='ocrx_word' id='word_1_108' title='bbox 618 2211 792 2302; x_wconf 86' lang='lat' dir='ltr'>respiciet.</span> <span class='ocrx_word' id='word_1_109' title='bbox 836 2211 924 2294; x_wconf 82' lang='lat' dir='ltr'>Quae</span> <span class='ocrx_word' id='word_1_110' title='bbox 942 2211 1124 2303; x_wconf 86' lang='lat' dir='ltr'>siquando</span> <span class='ocrx_word' id='word_1_111' title='bbox 1143 2216 1282 2305; x_wconf 88' lang='lat' dir='ltr'>penitus</span> 
     </span>
     <span class='ocr_line' id='line_1_18' title="bbox 237 2325 1283 2417; baseline 0 -21"><span class='ocrx_word' id='word_1_112' title='bbox 237 2328 429 2406; x_wconf 90' lang='lat' dir='ltr'>evanuerit,</span> <span class='ocrx_word' id='word_1_113' title='bbox 447 2326 623 2416; x_wconf 88' lang='lat' dir='ltr'>scripseris</span> <span class='ocrx_word' id='word_1_114' title='bbox 640 2325 724 2394; x_wconf 90' lang='lat' dir='ltr'>licet</span> <span class='ocrx_word' id='word_1_115' title='bbox 741 2326 1003 2417; x_wconf 83' lang='lat' dir='ltr'>elegantissima</span> <span class='ocrx_word' id='word_1_116' title='bbox 1023 2329 1188 2407; x_wconf 85' lang='lat' dir='ltr'>carmina,</span> <span class='ocrx_word' id='word_1_117' title='bbox 1206 2337 1283 2397; x_wconf 88' lang='lat' dir='ltr'>tan-</span> 
     </span>
    </p>
   </div>
   <div class='ocr_carea' id='block_1_5' title="bbox 237 2439 1282 2626">
    <p class='ocr_par' dir='ltr' id='par_1_7' title="bbox 237 2439 1282 2626">
     <span class='ocr_line' id='line_1_19' title="bbox 237 2439 1282 2533; baseline 0.002 -23"><span class='ocrx_word' id='word_1_118' title='bbox 237 2451 315 2511; x_wconf 89' lang='lat' dir='ltr'>tum</span> <span class='ocrx_word' id='word_1_119' title='bbox 336 2443 497 2533; x_wconf 85' lang='lat' dir='ltr'>egregius</span> <span class='ocrx_word' id='word_1_120' title='bbox 516 2441 708 2510; x_wconf 88' lang='lat' dir='ltr'>Poetarum</span> <span class='ocrx_word' id='word_1_121' title='bbox 730 2441 900 2522; x_wconf 87' lang='lat' dir='ltr'>imitator,</span> <span class='ocrx_word' id='word_1_122' title='bbox 917 2464 989 2510; x_wconf 90' lang='lat' dir='ltr'>non</span> <span class='ocrx_word' id='word_1_123' title='bbox 1005 2442 1081 2533; x_wconf 89' lang='lat' dir='ltr'>ipse</span> <span class='ocrx_word' id='word_1_124' title='bbox 1098 2439 1282 2533; x_wconf 88' lang='lat' dir='ltr'>primarius</span> 
     </span>
     <span class='ocr_line' id='line_1_20' title="bbox 238 2555 505 2626; baseline 0 0"><span class='ocrx_word' id='word_1_125' title='bbox 238 2558 365 2626; x_wconf 87' lang='lat' dir='ltr'>evades</span> <span class='ocrx_word' id='word_1_126' title='bbox 384 2555 505 2626; x_wconf 89' lang='lat' dir='ltr'>Poeta.</span> 
     </span>
    </p>
   </div>
   <div class='ocr_carea' id='block_1_6' title="bbox 235 2784 1284 4357">
    <p class='ocr_par' dir='ltr' id='par_1_8' title="bbox 235 2784 1284 4357">
     <span class='ocr_line' id='line_1_21' title="bbox 287 2784 1281 2875; baseline 0 -20"><span class='ocrx_word' id='word_1_127' title='bbox 287 2785 359 2855; x_wconf 88' lang='lat' dir='ltr'>Hic</span> <span class='ocrx_word' id='word_1_128' title='bbox 373 2792 476 2853; x_wconf 90' lang='lat' dir='ltr'>erunt</span> <span class='ocrx_word' id='word_1_129' title='bbox 493 2784 651 2866; x_wconf 87' lang='lat' dir='ltr'>fortasse,</span> <span class='ocrx_word' id='word_1_130' title='bbox 670 2784 731 2874; x_wconf 94' lang='lat' dir='ltr'>qui</span> <span class='ocrx_word' id='word_1_131' title='bbox 748 2806 770 2851; x_wconf 90' lang='lat' dir='ltr'>a</span> <span class='ocrx_word' id='word_1_132' title='bbox 786 2806 844 2851; x_wconf 88' lang='lat' dir='ltr'>me</span> <span class='ocrx_word' id='word_1_133' title='bbox 861 2784 1034 2875; x_wconf 85' lang='lat' dir='ltr'>primariae</span> <span class='ocrx_word' id='word_1_134' title='bbox 1050 2785 1162 2868; x_wconf 90' lang='lat' dir='ltr'>istius,</span> <span class='ocrx_word' id='word_1_135' title='bbox 1176 2788 1281 2855; x_wconf 89' lang='lat' dir='ltr'>toties</span> 
     </span>
     <span class='ocr_line' id='line_1_22' title="bbox 238 2898 1280 2989; baseline 0 -21"><span class='ocrx_word' id='word_1_136' title='bbox 238 2901 397 2981; x_wconf 88' lang='lat' dir='ltr'>laudatae,</span> <span class='ocrx_word' id='word_1_137' title='bbox 410 2898 572 2978; x_wconf 78' lang='lat' dir='ltr'>poeseos,</span> <span class='ocrx_word' id='word_1_138' title='bbox 585 2899 683 2988; x_wconf 84' lang='lat' dir='ltr'>signa</span> <span class='ocrx_word' id='word_1_139' title='bbox 695 2906 802 2986; x_wconf 88' lang='lat' dir='ltr'>atque</span> <span class='ocrx_word' id='word_1_140' title='bbox 816 2898 944 2966; x_wconf 88' lang='lat' dir='ltr'>indicia</span> <span class='ocrx_word' id='word_1_141' title='bbox 958 2899 1160 2989; x_wconf 89' lang='lat' dir='ltr'>deposcant.</span> <span class='ocrx_word' id='word_1_142' title='bbox 1184 2900 1280 2983; x_wconf 82' lang='lat' dir='ltr'>Quos</span> 
     </span>
     <span class='ocr_line' id='line_1_23' title="bbox 237 3010 1281 3104; baseline 0.002 -23"><span class='ocrx_word' id='word_1_143' title='bbox 237 3016 387 3104; x_wconf 92' lang='lat' dir='ltr'>primum</span> <span class='ocrx_word' id='word_1_144' title='bbox 407 3011 492 3080; x_wconf 92' lang='lat' dir='ltr'>illud</span> <span class='ocrx_word' id='word_1_145' title='bbox 512 3034 635 3079; x_wconf 89' lang='lat' dir='ltr'>cavere</span> <span class='ocrx_word' id='word_1_146' title='bbox 646 3012 792 3101; x_wconf 91' lang='lat' dir='ltr'>jubeb0,</span> <span class='ocrx_word' id='word_1_147' title='bbox 806 3033 852 3078; x_wconf 87' lang='lat' dir='ltr'>ne</span> <span class='ocrx_word' id='word_1_148' title='bbox 870 3010 1004 3080; x_wconf 90' lang='lat' dir='ltr'>scilicet</span> <span class='ocrx_word' id='word_1_149' title='bbox 1017 3013 1054 3080; x_wconf 91' lang='lat' dir='ltr'>in</span> <span class='ocrx_word' id='word_1_150' title='bbox 1071 3036 1110 3081; x_wconf 89' lang='lat' dir='ltr'>re</span> <span class='ocrx_word' id='word_1_151' title='bbox 1126 3016 1281 3084; x_wconf 83' lang='lat' dir='ltr'>maxime</span> 
     </span>
     <span class='ocr_line' id='line_1_24' title="bbox 237 3123 1280 3216; baseline 0.004 -22"><span class='ocrx_word' id='word_1_152' title='bbox 237 3127 357 3195; x_wconf 87' lang='lat' dir='ltr'>subtili</span> <span class='ocrx_word' id='word_1_153' title='bbox 371 3126 509 3194; x_wconf 88' lang='lat' dir='ltr'>disertis</span> <span class='ocrx_word' id='word_1_154' title='bbox 522 3126 678 3216; x_wconf 90' lang='lat' dir='ltr'>quidque</span> <span class='ocrx_word' id='word_1_155' title='bbox 691 3125 807 3193; x_wconf 83' lang='lat' dir='ltr'>verbis</span> <span class='ocrx_word' id='word_1_156' title='bbox 825 3123 940 3192; x_wconf 88' lang='lat' dir='ltr'>efferri</span> <span class='ocrx_word' id='word_1_157' title='bbox 953 3125 1146 3215; x_wconf 89' lang='lat' dir='ltr'>postulent.</span> <span class='ocrx_word' id='word_1_158' title='bbox 1186 3128 1280 3198; x_wconf 92' lang='lat' dir='ltr'>Nam</span> 
     </span>
     <span class='ocr_line' id='line_1_25' title="bbox 236 3237 1282 3328; baseline 0.001 -19"><span class='ocrx_word' id='word_1_159' title='bbox 236 3241 348 3310; x_wconf 92' lang='lat' dir='ltr'>sicubi</span> <span class='ocrx_word' id='word_1_160' title='bbox 378 3239 473 3321; x_wconf 89' lang='lat' dir='ltr'>alias,</span> <span class='ocrx_word' id='word_1_161' title='bbox 501 3240 559 3308; x_wconf 89' lang='lat' dir='ltr'>hic</span> <span class='ocrx_word' id='word_1_162' title='bbox 590 3249 685 3308; x_wconf 89' lang='lat' dir='ltr'>certe</span> <span class='ocrx_word' id='word_1_163' title='bbox 711 3239 807 3307; x_wconf 85' lang='lat' dir='ltr'>valet</span> <span class='ocrx_word' id='word_1_164' title='bbox 837 3238 937 3318; x_wconf 92' lang='lat' dir='ltr'>illud,</span> <span class='ocrx_word' id='word_1_165' title='bbox 965 3237 1154 3328; x_wconf 86' lang='lat' dir='ltr'>“Nequeo</span> <span class='ocrx_word' id='word_1_166' title='bbox 1184 3264 1282 3310; x_wconf 91' lang='lat' dir='ltr'>mon·</span> 
     </span>
     <span class='ocr_line' id='line_1_26' title="bbox 237 3351 1282 3441; baseline 0.001 -17"><span class='ocrx_word' id='word_1_167' title='bbox 237 3366 356 3434; x_wconf 90' lang='lat' dir='ltr'>strare,</span> <span class='ocrx_word' id='word_1_168' title='bbox 374 3377 414 3422; x_wconf 88' lang='lat' dir='ltr'>ac</span> <span class='ocrx_word' id='word_1_169' title='bbox 432 3355 545 3421; x_wconf 89' lang='lat' dir='ltr'>sentio</span> <span class='ocrx_word' id='word_1_170' title='bbox 563 3354 735 3422; x_wconf 88' lang='lat' dir='ltr'>tantum.’&#39;</span> <span class='ocrx_word' id='word_1_171' title='bbox 780 3351 923 3441; x_wconf 90' lang='lat' dir='ltr'>Nempe</span> <span class='ocrx_word' id='word_1_172' title='bbox 940 3352 1034 3420; x_wconf 89' lang='lat' dir='ltr'>haud</span> <span class='ocrx_word' id='word_1_173' title='bbox 1052 3352 1158 3421; x_wconf 87' lang='lat' dir='ltr'>aliter</span> <span class='ocrx_word' id='word_1_174' title='bbox 1174 3377 1211 3424; x_wconf 88' lang='lat' dir='ltr'>se</span> <span class='ocrx_word' id='word_1_175' title='bbox 1229 3379 1282 3425; x_wconf 89' lang='lat' dir='ltr'>res</span> 
     </span>
     <span class='ocr_line' id='line_1_27' title="bbox 236 3465 1282 3558; baseline -0.002 -20"><span class='ocrx_word' id='word_1_176' title='bbox 236 3470 354 3548; x_wconf 84' lang='lat' dir='ltr'>habet,</span> <span class='ocrx_word' id='word_1_177' title='bbox 369 3477 475 3558; x_wconf 90' lang='lat' dir='ltr'>atque</span> <span class='ocrx_word' id='word_1_178' title='bbox 488 3467 524 3534; x_wconf 91' lang='lat' dir='ltr'>in</span> <span class='ocrx_word' id='word_1_179' title='bbox 538 3467 694 3534; x_wconf 90' lang='lat' dir='ltr'>moribus</span> <span class='ocrx_word' id='word_1_180' title='bbox 710 3465 892 3533; x_wconf 91' lang='lat' dir='ltr'>hominum</span> <span class='ocrx_word' id='word_1_181' title='bbox 900 3465 1112 3556; x_wconf 87' lang='lat' dir='ltr'>judicandis.</span> <span class='ocrx_word' id='word_1_182' title='bbox 1158 3466 1282 3548; x_wconf 86' lang='lat' dir='ltr'>Sensu,</span> 
     </span>
     <span class='ocr_line' id='line_1_28' title="bbox 236 3578 1283 3671; baseline -0.003 -18"><span class='ocrx_word' id='word_1_183' title='bbox 236 3607 307 3653; x_wconf 91' lang='lat' dir='ltr'>non</span> <span class='ocrx_word' id='word_1_184' title='bbox 335 3582 486 3651; x_wconf 86' lang='lat' dir='ltr'>formula</span> <span class='ocrx_word' id='word_1_185' title='bbox 511 3581 636 3669; x_wconf 88' lang='lat' dir='ltr'>aliqua,</span> <span class='ocrx_word' id='word_1_186' title='bbox 664 3580 883 3671; x_wconf 81' lang='lat' dir='ltr'>dignoscitur</span> <span class='ocrx_word' id='word_1_187' title='bbox 912 3579 1062 3668; x_wconf 87' lang='lat' dir='ltr'>simplex</span> <span class='ocrx_word' id='word_1_188' title='bbox 1090 3578 1152 3648; x_wconf 91' lang='lat' dir='ltr'>illa</span> <span class='ocrx_word' id='word_1_189' title='bbox 1177 3589 1283 3671; x_wconf 86' lang='lat' dir='ltr'>atque</span> 
     </span>
     <span class='ocr_line' id='line_1_29' title="bbox 237 3692 1283 3778; baseline -0.007 -10"><span class='ocrx_word' id='word_1_190' title='bbox 237 3698 342 3778; x_wconf 88' lang='lat' dir='ltr'>nuda,</span> <span class='ocrx_word' id='word_1_191' title='bbox 368 3719 430 3766; x_wconf 88' lang='lat' dir='ltr'>seu</span> <span class='ocrx_word' id='word_1_192' title='bbox 461 3696 541 3762; x_wconf 85' lang='lat' dir='ltr'>vitae</span> <span class='ocrx_word' id='word_1_193' title='bbox 571 3696 644 3762; x_wconf 88' lang='lat' dir='ltr'>sive</span> <span class='ocrx_word' id='word_1_194' title='bbox 678 3694 883 3773; x_wconf 87' lang='lat' dir='ltr'>carminum,</span> <span class='ocrx_word' id='word_1_195' title='bbox 905 3692 1059 3772; x_wconf 89' lang='lat' dir='ltr'>Veritas,</span> <span class='ocrx_word' id='word_1_196' title='bbox 1095 3693 1214 3763; x_wconf 88' lang='lat' dir='ltr'>colore</span> <span class='ocrx_word' id='word_1_197' title='bbox 1247 3702 1283 3763; x_wconf 91' lang='lat' dir='ltr'>et</span> 
     </span>
     <span class='ocr_line' id='line_1_30' title="bbox 238 3806 1283 3903; baseline -0.006 -20"><span class='ocrx_word' id='word_1_198' title='bbox 238 3815 372 3883; x_wconf 90' lang='lat' dir='ltr'>lumine</span> <span class='ocrx_word' id='word_1_199' title='bbox 390 3810 541 3903; x_wconf 90' lang='lat' dir='ltr'>quodam</span> <span class='ocrx_word' id='word_1_200' title='bbox 560 3832 643 3877; x_wconf 91' lang='lat' dir='ltr'>suo:</span> <span class='ocrx_word' id='word_1_201' title='bbox 671 3818 712 3876; x_wconf 91' lang='lat' dir='ltr'>ut</span> <span class='ocrx_word' id='word_1_202' title='bbox 725 3831 840 3898; x_wconf 90' lang='lat' dir='ltr'>neque</span> <span class='ocrx_word' id='word_1_203' title='bbox 854 3806 1039 3875; x_wconf 88' lang='lat' dir='ltr'>dubitandi</span> <span class='ocrx_word' id='word_1_204' title='bbox 1053 3829 1119 3875; x_wconf 88' lang='lat' dir='ltr'>nec</span> <span class='ocrx_word' id='word_1_205' title='bbox 1133 3809 1283 3888; x_wconf 80' lang='lat' dir='ltr'>docendi</span> 
     </span>
     <span class='ocr_line' id='line_1_31' title="bbox 236 3921 1283 4006; baseline -0.005 -9"><span class='ocrx_word' id='word_1_206' title='bbox 236 3931 282 3998; x_wconf 91' lang='lat' dir='ltr'>sit</span> <span class='ocrx_word' id='word_1_207' title='bbox 308 3928 415 3995; x_wconf 86' lang='lat' dir='ltr'>locus.</span> <span class='ocrx_word' id='word_1_208' title='bbox 467 3925 555 4006; x_wconf 83' lang='lat' dir='ltr'>Quis</span> <span class='ocrx_word' id='word_1_209' title='bbox 585 3935 706 3992; x_wconf 88' lang='lat' dir='ltr'>autem</span> <span class='ocrx_word' id='word_1_210' title='bbox 736 3931 792 3991; x_wconf 85' lang='lat' dir='ltr'>tot</span> <span class='ocrx_word' id='word_1_211' title='bbox 822 3946 887 4003; x_wconf 89' lang='lat' dir='ltr'>res,</span> <span class='ocrx_word' id='word_1_212' title='bbox 916 3930 990 3990; x_wconf 89' lang='lat' dir='ltr'>tam</span> <span class='ocrx_word' id='word_1_213' title='bbox 1020 3921 1187 4003; x_wconf 87' lang='lat' dir='ltr'>diversas,</span> <span class='ocrx_word' id='word_1_214' title='bbox 1210 3932 1283 3992; x_wconf 88' lang='lat' dir='ltr'>tam</span> 
     </span>
     <span class='ocr_line' id='line_1_32' title="bbox 235 4035 1284 4121; baseline -0.006 -9"><span class='ocrx_word' id='word_1_215' title='bbox 235 4052 370 4121; x_wconf 88' lang='lat' dir='ltr'>tenues,</span> <span class='ocrx_word' id='word_1_216' title='bbox 398 4049 471 4108; x_wconf 88' lang='lat' dir='ltr'>tam</span> <span class='ocrx_word' id='word_1_217' title='bbox 502 4040 602 4108; x_wconf 89' lang='lat' dir='ltr'>variis</span> <span class='ocrx_word' id='word_1_218' title='bbox 629 4041 723 4107; x_wconf 88' lang='lat' dir='ltr'>inter</span> <span class='ocrx_word' id='word_1_219' title='bbox 750 4060 787 4105; x_wconf 88' lang='lat' dir='ltr'>se</span> <span class='ocrx_word' id='word_1_220' title='bbox 814 4037 964 4104; x_wconf 86' lang='lat' dir='ltr'>nexibus</span> <span class='ocrx_word' id='word_1_221' title='bbox 987 4035 1069 4103; x_wconf 91' lang='lat' dir='ltr'>hinc</span> <span class='ocrx_word' id='word_1_222' title='bbox 1095 4035 1196 4106; x_wconf 91' lang='lat' dir='ltr'>illinc</span> <span class='ocrx_word' id='word_1_223' title='bbox 1222 4039 1284 4106; x_wconf 90' lang='lat' dir='ltr'>im-</span> 
     </span>
     <span class='ocr_line' id='line_1_33' title="bbox 236 4148 1283 4249; baseline -0.006 -25"><span class='ocrx_word' id='word_1_224' title='bbox 236 4156 383 4249; x_wconf 84' lang='lat' dir='ltr'>plicatas</span> <span class='ocrx_word' id='word_1_225' title='bbox 407 4162 443 4221; x_wconf 90' lang='lat' dir='ltr'>et</span> <span class='ocrx_word' id='word_1_226' title='bbox 467 4154 639 4231; x_wconf 76' lang='lat' dir='ltr'>confusas</span> <span class='ocrx_word' id='word_1_227' title='bbox 659 4174 806 4242; x_wconf 91' lang='lat' dir='ltr'>quarum</span> <span class='ocrx_word' id='word_1_228' title='bbox 834 4150 1081 4239; x_wconf 89' lang='lat' dir='ltr'>conjunctione</span> <span class='ocrx_word' id='word_1_229' title='bbox 1105 4148 1162 4218; x_wconf 87' lang='lat' dir='ltr'>vel</span> <span class='ocrx_word' id='word_1_230' title='bbox 1184 4151 1283 4218; x_wconf 89' lang='lat' dir='ltr'>mini·</span> 
     </span>
     <span class='ocr_line' id='line_1_34' title="bbox 237 4261 1283 4357; baseline -0.006 -16"><span class='ocrx_word' id='word_1_231' title='bbox 237 4292 316 4342; x_wconf 89' lang='lat' dir='ltr'>mus</span> <span class='ocrx_word' id='word_1_232' title='bbox 344 4267 495 4337; x_wconf 86' lang='lat' dir='ltr'>efficitur</span> <span class='ocrx_word' id='word_1_233' title='bbox 516 4263 719 4344; x_wconf 88' lang='lat' dir='ltr'>Poetarum,</span> <span class='ocrx_word' id='word_1_234' title='bbox 746 4271 808 4332; x_wconf 89' lang='lat' dir='ltr'>aut</span> <span class='ocrx_word' id='word_1_235' title='bbox 833 4284 869 4330; x_wconf 89' lang='lat' dir='ltr'>se</span> <span class='ocrx_word' id='word_1_236' title='bbox 898 4261 1039 4353; x_wconf 88' lang='lat' dir='ltr'>penitus</span> <span class='ocrx_word' id='word_1_237' title='bbox 1064 4266 1283 4357; x_wconf 84' lang='lat' dir='ltr'>perspexisse</span> 
     </span>
    </p>
   </div>
   <div class='ocr_carea' id='block_1_7' title="bbox 0 0 1374 4866">
    <p class='ocr_par' dir='ltr' id='par_1_9' title="bbox 0 0 1374 4866">
     <span class='ocr_line' id='line_1_35' title="bbox 0 0 1374 4866; baseline 0 1"><span class='ocrx_word' id='word_1_238' title='bbox 0 0 1374 4866; x_wconf 95' lang='lat' dir='ltr'> </span> 
     </span>
    </p>
   </div>
  </div>
 </body>
</html>
