2738 4866
155 378 251 420 »aaa
262 374 295 420 x.
327 356 464 420 Multam
478 357 512 419 ia
527 356 702 420 Homericis
708 356 829 440 juvare,
837 355 945 419 Libros
961 358 1094 420 stata
1142 347 1205 421 147

154 528 312 598 Tantum
333 528 451 619 potuit
474 527 571 598 color
595 527 655 597 ille
676 549 790 610 verus,
814 545 1005 619 sensusque
1025 548 1097 596 non
1115 523 1204 595 Gra

154 643 269 713 iorum
285 631 412 713 'modo'
429 644 492 712 sed
519 652 557 713 et
586 643 771 714 hominum
798 644 957 713 omnium
991 641 1201 713 communis.

154 759 237 842 Quo
266 760 535 853 magistrandi
564 761 682 840 etiam,
709 761 769 850 qui
795 762 905 829 vitam
931 783 951 828 e
977 760 1100 830 castris
1125 758 1201 827 lon-

153 864 309 968 gissime
340 885 514 946 remotam
557 864 727 969 degimus,
768 867 885 945 nescio
923 876 1101 967 quomodo
1140 896 1204 964 per

155 993 275 1062 omnia
297 993 459 1062 videmur
488 993 634 1062 odorare
664 990 869 1061 bellicosam
897 990 1017 1060 Poetae
1046 990 1212 1060 indolem

155 1115 194 1176 et
210 1107 317 1199 plane
333 1107 522 1178 heroicam.
563 1106 633 1178 Eas
650 1108 781 1198 quippe
798 1105 1055 1188 similitudines,
1074 1105 1209 1196 easque

155 1224 363 1308 sententias,
381 1225 467 1315 quin
488 1232 526 1292 et
549 1245 608 1293 eas
629 1223 817 1292 verborum
840 1221 1013 1298 clausulas
1034 1215 1105 1292 non
1128 1229 1212 1291 tam·

156 1347 308 1408 venatur
341 1338 402 1407 ille
432 1360 537 1429 quarn
573 1347 699 1429 sponte
733 1348 956 1408 occurrentes
989 1339 1090 1430 rapit,
1117 1353 1209 1428 quas

155 1453 264 1523 militi
281 1453 393 1524 cuivis
416 1454 557 1524 subdio
574 1454 694 1546 agenti
717 1453 885 1523 credibile
904 1462 969 1522 est
984 1455 1021 1522 in
1046 1453 1203 1522 animum

159 1578 339 1640 venturas.-
1079 1591 1081 1595 ·

206 1684 333 1777 Atque
358 1696 400 1754 ut
423 1686 468 1753 de
490 1683 546 1754 his
563 1685 729 1754 fidentius
753 1684 876 1776 loquar
893 1685 1028 1754 faciunt
1045 1683 1107 1753 illa
1124 1697 1211 1774 quae'

155 1790 264 1870 modo
278 1790 484 1870 'memoravi
510 1799 685 1883 subsidia3
723 1790 804 1891 quae
833 1800 985 1892 plurima
1011 1784 1205 1892 comparari

156 1936 260 2006 posse
285 1914 437 1984 arbitror
460 1917 589 2007 partim
611 1938 657 1985 ex
674 1915 792 1986 Libris
811 1914 1059 1997 Saorosanctis
1076 1914 1214 2006 partim*

156 2053 203 2099 ex
230 2029 437 2121 quotidiano
465 2052 626 2100 sermone
652 2031 872 2122 plebeiorum
898 2031 1095 2112 hominum,
1120 2047 1211 2122 prae-

155 2147 281 2216 sertim
299 2146 543 2238 agricolarum.

208 2375 266 2445 Ac
284 2377 399 2468 primo
418 2377 576 2460 dicimus,
590 2401 661 2447 non
679 2378 835 2471 potuisse
848 2378 934 2462 fieri,
949 2379 1034 2470 quin
1051 2366 1206 2448 multum

157 2493 195 2561 in
231 2491 432 2573 Homericis
467 2492 601 2562 valeret
630 2495 769 2563 assidua
796 2493 934 2565 Vatum
970 2494 1206 2565 Hebraeorum

158 2599 289 2676 lectio:
327 2593 410 2676 nam
436 2607 519 2677 satis
545 2615 683 2678 constat
709 2608 862 2678 eundem
891 2609 1050 2700 utrisque
1079 2632 1208 2701 magna

135 2730 138 2734 ’
156 2729 257 2791 certe
275 2744 321 2791 ex
338 2731 440 2814 parte
458 2724 612 2816 viguisse
627 2723 794 2805 bellandi,
812 2725 922 2794 immo
940 2724 1049 2795 etiam
1066 2725 1206 2794 vivendi

157 2844 332 2908 terrorem.
384 2837 503 2920 Domi,
530 2841 636 2923 foris3
668 2842 870 2934 pugnando,
896 2842 1092 2935 epuland03
1128 2822 1211 2912 hoa

157 2951 259 3041 pitio,
278 2974 450 3036 sermone,
468 2955 612 3038 amictu,
631 2957 760 3048 passim
785 2956 967 3028 heroicum
992 2955 1124 3047 aliquid
1140 2955 1214 3027 Ju-''

157 3065 262 3136 daica
279 3069 370 3160 sapit
387 3071 590 3170 antiquitas.

208 3181 364 3254 Accedit
399 3165 495 3256 'illud
532 3209 604 3256 non
643 3187 732 3268 leve,
767 3188 862 3278 quod
896 3208 939 3257 ea
972 3186 1045 3257 fere
1079 3195 1208 3258 cuncta

156 3298 330 3368 divinitus
353 3300 555 3395 scripserint
577 3301 739 3372 homines
760 3303 885 3372 eadem
902 3302 976 3372 fere
992 3303 1207 3388 conditione,

159 3435 232 3504 qua
259 3435 324 3484 nos
353 3411 554 3484 Homerum
584 3416 692 3485 fuisse
719 3440 952 3509 auguramur;
991 3441 1063 3487 non
1093 3420 1208 3503 otiosi,

159 3545 278 3618 neque
302 3522 443 3598 summo
468 3529 546 3600 looo
571 3531 693 3624 geniti,
712 3533 774 3603 sed
794 3534 904 3603 rebus
925 3532 1079 3626 agendis,
1102 3533 1208 3623 siqui

156 3640 230 3723 alii,
247 3643 404 3712 maxime
420 3645 495 3736 apti
512 3652 550 3714 et
566 3647 762 3717 exercitati.

225 3755 335 3840 Tum,-
363 3759 459 3848 quod
493 3762 653 3830 omnium
690 3763 888 3834 maximum
922 3772 986 3847 est,
1022 3764 1107 3833 dum
1141 3763 1214 3832 ista

162 3871 332 3965 legimus
345 3881 444 3943 certo
469 3876 599 3946 scimus
616 3878 809 3947 veritatem
830 3881 942 3971 ipsam
968 3901 1032 3948 nos
1057 3879 1186 3947 intueri
1197 3893 1213 3963 ;³

158 4007 213 4054 ue
238 3986 425 4056 nriuiiuam
460 3988 604 4080 quidem
637 3999 788 4082 partem,
822 3995 865 4062 iis
898 3993 1129 4074 narrantibus,
1165 3987 1214 4062 de·

158 4120 302 4169 summa
322 4099 479 4173 historiae
504 4113 667 4195 oportere
685 4106 856 4176 deminui:
905 4102 1034 4198 Itaque
1058 4130 1103 4176 ex
1129 4102 1214 4189 illis,

159 4214 268 4285 uelut·
296 4216 490 4308 exploratis
523 4238 565 4289 ac
599 4221 761 4312 cognitis,
796 4219 976 4291 Homerus
1019 4214 1209 4312 caeterique

158 4339 267 4401 erunt
291 4333 502 4420 aestimandi.
556 4333 627 4417 Qui
648 4334 739 4405 bene
760 4359 842 4405 cum
866 4338 971 4405 sacris
994 4338 1209 4406 conveniunt
1232 4352 1235 4359 '

666 4456 727 4518 nt
