2738 4866
156 328 252 370 rann.
264 328 286 367 1.
485 304 685 380 dubitationes
699 315 727 368 ut
740 327 888 390 remenso.
1182 310 1204 374 7

156 479 272 558 oinne,
295 501 402 568 qnam
425 487 520 568 apte,
543 500 650 568 quam
676 478 830 546 suaviter
853 485 1008 559 cantent,
1030 478 1066 545 id
1090 501 1204 569 neque

156 602 284 662 curant
302 616 417 684 neque
434 601 565 661 norunt
580 593 739 682 quidem.

210 707 337 798 Itaque
367 707 509 776 labente
539 715 576 776 et
605 707 774 776 inclinata
803 705 916 786 Poesi,
948 707 1012 775 vix·
1039 707 1114 776 lieri
1144 731 1206 799 po-

157 823 239 902 tuit,
270 831 311 891 ut
339 821 490 903 Critiae,
520 844 627 911 quam
657 829 795 902 vocant,
826 843 928 890 suurn
956 845 1085 892 munus
1115 825 1207 892 inte-

156 961 260 1030 grum
287 947 464 1006 maneret:
496 937 573 1027 quis
599 938 705 1018 enim,
728 938 991 1027 corruptissima
1015 938 1205 1028 republica,

157 1054 378 1142 incorruptos
400 1053 474 1120 fore
485 1051 625 1141 judiees
646 1051 861 1141 speraverit?
914 1049 981 1120 His
998 1062 1095 1121 uerte
1116 1062 1207 1122 tem-

157 1166 300 1257 poribus
321 1188 387 1234 nsu
412 1167 519 1246 venit,
537 1175 579 1234 nt
599 1189 748 1257 qnorum
774 1173 850 1234 erat
873 1165 1089 1236 luxuriantia
1112 1191 1207 1236 oom-

156 1304 310 1371 pesoere,
328 1281 394 1371 ipsi
418 1282 651 1371 incomposita
667 1305 782 1350 rerum
803 1291 840 1350 et
862 1282 1048 1351 verborum
1066 1281 1206 1351 luxurie

157 1396 319 1465 diffluant
346 1397 478 1487 ubique
508 1419 548 1465 ao
584 1405 777 1488 vagentnr3
814 1398 873 1486 qui
904 1398 1091 1467 ambitiosa
1120 1400 1207 1467 reoi-

158 1511 241 1579 dere
275 1511 463 1590 debebant‚
498 1511 564 1602 ipsi
600 1512 671 1579 sint
711 1512 870 1579 omnium
908 1513 1207 1592 ambitiosissimi3

157 1626 284 1715 quibus
302 1635 436 1695 naturae
448 1626 584 1716 judicia
597 1618 845 1707 confirmanda,
860 1627 1126 1696 vanissimarum
1141 1628 1206 1719 ipsi

157 1742 363 1832 opinionum
382 1749 584 1808 commenta
601 1741 760 1830 quotidie
778 1740 815 1808 in
829 1740 955 1832 vulgus
974 1751 1100 1810 serant.
1153 1741 1207 1812 Ut

157 1877 228 1922 uno
254 1856 359 1923 verbo
382 1854 507 1935 dicam,
532 1855 675 1945 ingenio
698 1855 846 1922 nimium
870 1855 1046 1936 tribuitur,
1065 1857 1206 1924 veritati

157 1992 292 2060 parum.
1235 1961 1237 1966 ’

206 2085 360 2155 Aooedit
378 2086 471 2175 quod
499 2085 587 2153 nihil
614 2086 690 2154 istis
719 2086 955 2176 importunius
984 2108 1029 2153 ne
1059 2088 1206 2178 cogitari

156 2202 300 2290 quidem
314 2201 444 2291 possit3
471 2224 621 2290 quorum
642 2200 702 2269 alii
726 2201 877 2291 septimo
901 2224 1042 2291 quoque
1060 2202 1127 2285 die,
1146 2203 1204 2271 alii
1279 2271 1281 2274 Α

157 2317 387 2385 modestiores
404 2316 550 2406 singulis
563 2316 754 2397 mensibus,
767 2317 827 2404 qni
842 2338 980 2385 summa
993 2317 1207 2386 abstinentia

156 2437 316 2509 utuntur,
344 2437 469 2518 quater
493 2439 589 2498 uerte
616 2430 652 2496 in
683 2452 774 2498 anno
801 2431 963 2511 redeunt,
993 2429 1205 2499 Oritioorum

156 2545 300 2612 nomine
315 2553 352 2612 et
365 2544 443 2612 loeo
456 2545 661 2635 gestientes.
706 2544 888 2614 Rarissimi
906 2553 1000 2626 sunt,
1013 2547 1073 2635 qui
1092 2547 1127 2614 in
1145 2546 1206 2616 illa

157 2658 340 2728 eeleritate
364 2659 538 2727 scribendi
561 2682 632 2728 non
656 2659 807 2750 plurima
832 2681 931 2728 senus
950 2660 1079 2741 dicant,
1097 2671 1205 2752 atque

156 2776 202 2855 id,
221 2776 314 2865 quod
339 2775 441 2843 unice
467 2776 600 2843 deceat.
653 2774 725 2843 Sed
744 2775 875 2843 fuerint
900 2778 1126 2864 quantumvis
1151 2779 1205 2846 in-

155 2890 242 2980 epti,
261 2889 367 2980 vulgo
391 2897 511 2957 tamen
535 2911 616 2958 suos
637 2889 784 2978 quisque
808 2889 973 2968 fautores,
998 2911 1089 2970 suos,
1108 2893 1203 2981 quod

156 3006 311 3073 maxime
325 3005 483 3072 omnium
498 3005 768 3094 deprecandum,
781 3002 932 3071 leotores
945 3011 1053 3093 atque
1067 3015 1205 3095 empto-

156 3141 211 3188 res
228 3119 417 3209 reperiunt.

206 3233 294 3316 Quae
312 3256 392 3301 oum
411 3234 461 3301 ita
478 3254 515 3300 se
532 3232 696 3314 habeant,
710 3255 780 3300 nou
794 3233 1019 3301 incommode
1036 3235 1204 3304 accidisse

156 3350 316 3429 arbitror,
333 3371 397 3416 nos
417 3349 453 3416 in
471 3350 675 3440 gravissimo
694 3370 801 3438 opere
818 3348 1018 3439 peragendo
1036 3350 1079 3418 iis
1096 3352 1204 3441 potis-

156 3467 284 3533 simum
303 3463 441 3554 legibus
458 3464 581 3544 teneri,
600 3486 677 3553 quae
695 3471 819 3531 vestroe
837 3463 1001 3552 dignitati
1025 3467 1147 3557 magis,
1166 3478 1203 3535 et

157 3581 319 3648 severiori
338 3579 420 3646 huio
438 3579 619 3659 doetrinae,
634 3601 739 3668 quam
754 3586 816 3646 aut
833 3578 972 3646 aurium
992 3579 1202 3650 brevissimae

158 3692 340 3784 voluptati,
359 3700 421 3761 aut
438 3692 825 3761 acutorum'hominum
850 3691 1101 3760 existimationi
1120 3716 1203 3761 oon-

156 3808 283 3877 sulant.
334 3802 647 3897 Facilepatiemur
659 3806 760 3897 plura
776 3806 878 3875 nobis
896 3807 1027 3886 deesse,
1046 3807 1202 3877 maximo

156 3921 312 4010 alioquin
341 3928 464 4010 optata
493 3929 599 4009 atque
625 3923 820 4002 commoda,
847 3921 1007 4012 gratiam,
1032 3920 1200 4005 favorem,

156 4035 260 4126 plena
276 4034 462 4116 subsellia;
489 4044 566 4102 tum
589 4036 681 4124 quod
705 4034 811 4126 longe
836 4042 890 4102 est
911 4035 1060 4124 gravius,
1079 4036 1200 4107 multis
1228 4090 1230 4094 -

156 4174 195 4220 eo
213 4149 387 4241 praeolaris
410 4149 507 4231 loeis,
525 4160 563 4217 et
587 4151 647 4238 qui
668 4149 713 4217 ad
734 4171 809 4216 rem
826 4149 917 4217 bene
934 4151 1125 4240 gerendam
1143 4153 1200 4221 vel

158 4267 328 4356 praeoipue
355 4275 500 4354 possent
525 4264 701 4353 adjuvare,
725 4286 826 4353 aequo
852 4266 935 4332 satis
960 4266 1078 4334 animo
1104 4289 1195 4334 oare·

157 4379 292 4458 bimus3
328 4379 434 4447 modo
468 4377 557 4446 nihil
586 4379 762 4468 putidum,
792 4377 880 4446 nihil
911 4378 1081 4456 fucatum,
1108 4379 1222 4470 nihil,
