2738 4866
158 308 224 371 850
310 306 467 370 Rodorm
480 305 613 369 munima
627 306 750 370 serviem
763 303 803 370 ab
816 304 956 390 AEsolylo
1033 323 1129 369 rann.
1145 325 1206 368 xix.

209 474 268 545 Ad
288 497 473 556 summam,
492 498 563 544 non
581 475 649 544 erit
666 497 730 544 eur
750 474 858 545 hodie
883 474 1062 545 desideret
1084 473 1208 564 aliquis

158 590 216 661 vel
251 589 462 683 Pythagora
498 588 554 659 vel
594 590 713 660 Ovidii
752 588 930 660 fabulam:
974 586 1210 682 Pythagorica

158 714 280 775 tamen
304 704 473 797 AEsohylo
497 712 618 773 nostro
645 706 702 793 (ut
728 705 879 774 adeum
905 712 1128 774 revertamur
1150 704 1210 774 ali-

155 819 312 912 quando)
334 841 377 888 eo
400 828 498 889 certe
515 816 688 911 profuisse
713 819 888 899 videntur,
907 827 949 888 ut
969 816 999 888 is
1016 814 1158 910 plenius
1173 826 1210 889 et

155 935 297 1030 gravius
308 936 504 1004 cantaverit
515 935 590 1005 sive
603 936 722 1004 omina
734 936 807 1004 sive
820 935 1080 1017 similitudines,
1092 935 1122 1004 si
1135 958 1210 1026 quae

157 1049 370 1121 adhibendae
384 1056 486 1118 erant
497 1050 541 1119 de
557 1050 710 1119 ferarum
722 1049 880 1119 moribus
892 1051 1094 1140 aviumque.
1147 1049 1210 1119 Isti

159 1172 258 1234 oerte
274 1163 599 1256 philosophantium
617 1164 762 1233 familiae
779 1162 883 1233 facile
906 1164 1121 1256 probaturus
1138 1173 1210 1234 erat

160 1277 349 1349 eonsilium
370 1301 483 1359 suum,
508 1279 603 1369 quod
624 1278 807 1348 vulturum
832 1302 973 1371 quoque
990 1287 1029 1348 et
1051 1279 1211 1371 leporum

160 1393 319 1464 fortunas
336 1394 373 1462 in
391 1393 602 1485 prooemium
619 1391 914 1485 Agamemnoniae
931 1393 1042 1464 eladis
1059 1395 1203 1486 recepit.

211 1507 265 1578 Et
293 1506 465 1577 haetenus
492 1508 635 1598 quidem
660 1508 771 1577 tacite
797 1509 891 1578 viam
917 1509 984 1579 sibi
1015 1510 1147 1579 muniit
1169 1511 1212 1579 ad

162 1643 281 1691 veram
302 1621 348 1691 de
374 1620 453 1691 Deo
480 1620 635 1692 Vindice
662 1622 875 1714 opinionem.
927 1621 1099 1691 Proximo
1125 1622 1212 1706 loeo,

162 1735 284 1807 dedita
309 1758 417 1828 opera
441 1735 571 1806 Jovem
596 1736 739 1807 directis
766 1737 883 1807 verbis
909 1739 1071 1830 agnoseit
1097 1760 1213 1808 rerum

162 1851 322 1920 omnium
351 1851 635 1945 gubernatorem,
665 1851 773 1943 idque
797 1873 844 1921 ex
882 1874 1007 1922 norma
1041 1861 1213 1923 aoouratae

156 1966 309 2057 justitiae
319 1975 343 2036 Γ.

374 2081 447 2143 zeto,
460 2077 537 2135 dom
548 2077 606 2137 ποτ’
619 2079 701 2142 ἐστὶν,
714 2079 737 2132 el
746 2077 799 2132 τόδ’
809 2079 858 2133 ari-

373 2169 411 2237 κῷ
425 2166 507 2236 ψιλὸν
518 2165 673 2238 κεκλημένῳ,

374 2253 451 2306 τοῦτό
463 2273 501 2306 νιν
512 2250 687 2322 προσεννέπω·

376 2337 423 2391 οὐκ
435 2337 488 2409 ἔχω
500 2337 683 2406 προσεικάσαι,

374 2423 448 2479 πάντ’
461 2423 687 2492 ἐπισταθμωμένος

376 2509 447 2578 πλὴν
459 2510 528 2572 Διὸς,
541 2509 564 2562 el
575 2509 606 2563 τὸ
617 2509 700 2578 μάταν
711 2508 762 2563 ἀπὸ
774 2509 915 2579 φρόνπιδοε
926 2509 1008 2580 ἄχθος

379 2597 431 2665 χρῆ
442 2597 536 2659 βαλεῖν
547 2593 686 2664 ἐτητύμως.

221 2732 294 2802 Hie
319 2730 416 2802 soleo
443 2729 574 2812 mirari,
602 2753 672 2821 quo
699 2730 843 2800 tandem
870 2729 943 2799 fato
969 2731 1150 2813 acciderit,
1175 2740 1214 2800 ut

166 2848 327 2918 erederet
356 2846 410 2914 vir
439 2845 574 2925 doetus,
600 2844 807 2938 AEsohylum
834 2846 990 2936 pendere
1019 2846 1140 2926 animi,
1171 2847 1214 2915 de

167 2962 310 3031 nomine
344 2959 419 3030 solo
452 2959 608 3041 anxium,
644 2983 714 3051 quo
749 2961 878 3030 debeat
912 2960 1067 3030 invocari
1103 2959 1213 3031 Deus.

168 3078 298 3148 Fateor
320 3076 497 3168 equidem,
524 3075 729 3167 saepiuscule
755 3077 849 3168 apud
876 3084 1015 3146 veteres
1031 3099 1214 3147 occurrere

167 3192 267 3262 velut
293 3189 461 3260 formulas
489 3189 751 3260 dubitationum
778 3191 960 3282 ejusmodi.
1013 3190 1088 3262 Sed
1113 3195 1213 3262 utin

167 3309 210 3376 iis
240 3308 340 3377 tarde
370 3308 468 3386 adeo,
496 3328 542 3374 ne
573 3304 688 3375 dicam
718 3307 849 3397 inepte,
876 3315 1035 3376 versetur
1065 3330 1214 3388 carmen,

167 3421 204 3490 id
221 3443 292 3489 non
313 3429 389 3490 erat
405 3419 588 3512 gravitatis
606 3420 824 3513 AEsehyleae;
855 3420 1064 3512 Euripidem
1090 3420 1216 3491 melius

169 3536 337 3615 decuerit,
355 3543 418 3605 aut
435 3532 616 3603 Ovidium.

236 3650 422 3732 Praeterea,
457 3672 539 3719 oum
573 3673 616 3719 ea
650 3650 785 3719 ratione
819 3672 890 3718 non
924 3649 1016 3718 bene
1051 3651 1216 3720 convenit

167 3762 311 3856 reliquae
328 3764 517 3833 sententiae
535 3773 647 3833 tenor.
699 3763 893 3856 Pergamus
909 3763 1017 3832 enim.

379 3923 432 3978 οὔδ’
446 3923 519 3979 dens
527 3923 650 3993 πάροιθεν
658 3922 689 3991 ἦν
696 3923 785 3993 μέγας,

377 4011 507 4082 παμμάχῳ
518 4009 610 4078 θράσει
621 4008 717 4078 βρύων,

378 4094 453 4148 οὐδὲν
465 4094 496 4149 ἃν
506 4095 582 4164 legul
593 4095 654 4163 πρὶν
666 4093 712 4150 ὤν·

591 4279 600 4302 ¹
616 4271 707 4338 Apum.
723 4254 781 4336 135.
