2738 4866
155 315 249 358 runa.
263 317 331 361 xrx.
421 296 541 383 apaosci
555 296 664 372 Illam,
680 296 733 380 qut
748 297 865 361 matari
880 297 991 381 aequat.
1142 297 1204 360 351

446 500 448 504 ι
478 464 508 521 dr
519 464 541 519 τ’
554 463 632 519 ἔπειτ’
645 465 707 536 ἔφυ,
718 486 778 536 πρι-

477 552 588 620 ακτῆρος
599 548 697 621 οἴχεται
709 548 802 621 πῦχων·

478 639 545 705 Ζῆνα
556 636 587 689 δέ
597 658 636 692 τις
647 638 803 706 προφρόνως
815 636 923 692 ἔπινικία
934 640 1034 705 κλάζων

475 722 591 790 τεύξεται
603 724 706 794 φρενῶν
714 724 744 777 τὸ
754 726 813 778 πᾶν.

159 879 305 951 Videtis
333 878 390 973 agi
420 903 493 950 non
523 881 568 950 de
598 882 743 952 diversis
772 883 930 974 ejusdem
959 882 1029 952 Dei
1056 881 1211 974 appella·

157 996 327 1076 tionibus,
362 996 424 1065 sed
460 997 505 1065 de
540 997 685 1066 diversis
718 996 823 1088 plaue
858 996 945 1079 Diis,
979 997 1089 1066 immo
1117 997 1211 1065 inter

158 1133 197 1180 se
223 1112 475 1203 pugnantibus.
527 1112 670 1180 Nomen
694 1112 788 1202 quod
812 1114 954 1195 attinet,
975 1112 1077 1181 initio
1103 1112 1209 1202 hujus

157 1226 322 1295 carminis
343 1235 465 1318 aperte
483 1226 722 1296 declaraverat
741 1225 888 1308 Chorus,
906 1249 943 1296 se
964 1250 1036 1297 non
1052 1226 1208 1297 multum

160 1337 332 1410 laborare.
1080 1362 1081 1369 ¹

475 1459 545 1524 Zeis,
558 1458 632 1516 ὅστις
642 1457 700 1514 πότ’
713 1459 793 1524 ἔστιν,
807 1481 831 1514 κ.
843 1482 868 1515 τ.
879 1462 908 1515 λ.

157 1625 266 1708 Quasi
303 1626 434 1709 dicant,
474 1626 644 1708 “Jovem,
678 1627 879 1717 quicunque
917 1627 1063 1696 tandem
1097 1625 1127 1695 is
1163 1627 1210 1697 sit

158 1762 264 1830 quem
296 1741 511 1810 eonomine
545 1737 713 1808 delectari
747 1737 990 1829 intelligimus,
1022 1737 1209 1829 Optimum

156 1855 312 1924 eundem
346 1863 454 1946 atque
491 1853 707 1933 Maximum,
739 1850 879 1934 Jovem,
914 1852 1069 1942 inquam,
1105 1852 1209 1922 unice

160 1968 368 2039 salutamus.
430 1967 572 2060 Quippe
602 1975 673 2037 stat
702 1969 852 2036 immota
878 1967 1063 2047 sententia,
1094 1965 1130 2034 in
1165 1989 1209 2036 eo

158 2082 235 2153 solo
257 2107 357 2174 spem
381 2106 523 2153 omnem
545 2083 650 2151 unice
671 2081 920 2173 reponendam.
977 2079 1083 2162 Quod
1104 2080 1133 2149 si
1154 2079 1209 2150 vel

158 2205 322 2265 veterum
350 2194 499 2264 heroum
529 2193 673 2264 annales
702 2193 758 2263 vel
782 2193 978 2263 recentium
1001 2193 1208 2261 memoriam

157 2310 329 2390 consulas,
360 2310 487 2402 frigida
515 2309 675 2401 profecto
706 2308 818 2378 adibis
846 2308 999 2391 oracula,
1036 2306 1125 2376 nihil
1155 2328 1210 2375 re-

156 2446 326 2514 sponsura
343 2426 438 2518 quod
456 2427 528 2496 veri
546 2428 592 2495 sit
610 2426 720 2494 instar
738 2424 884 2495 solatii.”

477 2614 530 2669 οὔδ’
543 2613 618 2671 ὅστις
628 2614 751 2685 πάροιθεν
762 2611 793 2682 ἦν
803 2613 884 2685 μέγας

477 2702 607 2774 παμμάχῳ
620 2700 713 2772 θράσει
724 2698 811 2770 βρύων

475 2787 551 2842 οὐδὲν
562 2787 593 2840 ἂν
604 2787 688 2854 λέξω,
700 2787 761 2856 πρὶν
772 2786 816 2840 dv·

479 2871 515 2927 ὅσ
527 2882 550 2928 τ’
562 2871 640 2927 ἐπεῖπ’
653 2874 714 2943 ἔφυ,
727 2894 786 2943 τρι-

474 2961 584 3028 ακπῆρος
595 2958 692 3031 οἴχεται
704 2958 798 3031 πῦχων.

155 3129 374 3213 “Quorsum
396 3131 491 3199 enim
514 3137 638 3221 petere
654 3130 700 3201 ab
717 3131 760 3201 iis
777 3129 961 3213 auxilium,
987 3129 1047 3222 qui
1065 3130 1102 3198 in
1120 3129 1210 3198 nihi-

155 3244 231 3315 lum
249 3245 314 3337 ipsi
332 3245 575 3316 evanuerant?
583 3246 601 3273 ’'

477 3417 544 3483 Ζῆνα
556 3414 585 3468 δὲ
597 3436 621 3468 κ.
634 3434 658 3469 π.
670 3417 698 3469 λ.

154 3567 176 3599 “
190 3558 295 3630 Solus
322 3559 383 3629 ille
410 3560 524 3629 victor
551 3561 684 3630 nemini
709 3582 866 3653 unquam
889 3562 1081 3632 vincendus
1106 3562 1207 3631 humi

156 3683 302 3756 sternet,
345 3673 455 3743 alium
493 3697 598 3767 super
639 3675 719 3755 alio,
759 3698 883 3768 regum
922 3685 1030 3767 atque
1046 3733 1049 3741 .
1066 3677 1218 3759 ducum,

155 3791 266 3858 immo
290 3796 328 3858 et
350 3788 652 3882 philosophorum,
674 3790 803 3880 apices.
855 3788 980 3882 quue
1001 3791 1210 3883 prudentior

156 3901 285 3973 evadet
306 3904 466 3994 quisque,
490 3927 560 3994 quo
587 3903 768 3974 lubentius
791 3906 938 3976 accedet
966 3904 1209 3976 celebraturus

155 4019 342 4088 victoriam
370 4017 480 4099 Jovis,
508 4042 649 4110 quoque
669 4020 840 4112 integrius
865 4043 902 4090 se
927 4029 1045 4090 totum
1068 4020 1209 4090 addicet

155 4156 228 4202 non
265 4133 452 4202 hominum
495 4132 644 4225 alicujus
687 4136 749 4207 sed
792 4133 862 4204 Dei
902 4134 1066 4226 Supremi
1101 4136 1211 4227 parti-

155 4247 253 4317 bus.’'
321 4247 462 4317 Vocem
499 4270 583 4317 sane
621 4249 728 4340 adyto
767 4248 1020 4340 dignissimam,
1058 4272 1206 4340 quaeque
