<?xml version="1.0" encoding="UTF-8"?>
<!DOCTYPE html PUBLIC "-//W3C//DTD XHTML 1.0 Transitional//EN"
    "http://www.w3.org/TR/xhtml1/DTD/xhtml1-transitional.dtd">
<html xmlns="http://www.w3.org/1999/xhtml" xml:lang="en" lang="en">
 <head>
  <title>
</title>
<meta http-equiv="Content-Type" content="text/html;charset=utf-8" />
  <meta name='ocr-system' content='tesseract 3.04.00' />
  <meta name='ocr-capabilities' content='ocr_page ocr_carea ocr_par ocr_line ocrx_word'/>
</head>
<body>
  <div class='ocr_page' id='page_1' title='image "./depoeticaevimed01keblgoog_0167.png"; bbox 0 0 2738 4866; ppageno 0'>
   <div class='ocr_carea' id='block_1_1' title="bbox 157 286 1204 398">
    <p class='ocr_par' dir='ltr' id='par_1_1' title="bbox 157 286 1204 398">
     <span class='ocr_line' id='line_1_1' title="bbox 157 286 1204 398; baseline -0.001 -20"><span class='ocrx_word' id='word_1_1' title='bbox 157 314 221 380; x_wconf 89' lang='grc'>160</span> <span class='ocrx_word' id='word_1_2' title='bbox 278 315 452 391; x_wconf 75' lang='lat' dir='ltr'>Homerica,</span> <span class='ocrx_word' id='word_1_3' title='bbox 467 314 593 398; x_wconf 61' lang='lat' dir='ltr'>deserta</span> <span class='ocrx_word' id='word_1_4' title='bbox 606 323 634 378; x_wconf 83' lang='lat' dir='ltr'>ct</span> <span class='ocrx_word' id='word_1_5' title='bbox 648 312 765 391; x_wconf 79' lang='lat' dir='ltr'>coibas,</span> <span class='ocrx_word' id='word_1_6' title='bbox 781 323 922 398; x_wconf 62' lang='lat' dir='ltr'>aprorum</span> <span class='ocrx_word' id='word_1_7' title='bbox 936 313 1044 378; x_wconf 79' lang='lat' dir='ltr'>dcccra</span> <span class='ocrx_word' id='word_1_8' title='bbox 1069 286 1162 378; x_wconf 73' lang='lat' dir='ltr'>runa.</span> <span class='ocrx_word' id='word_1_9' title='bbox 1172 338 1204 379; x_wconf 24' lang='lat' dir='ltr'>rx.</span> 
     </span>
    </p>
   </div>
   <div class='ocr_carea' id='block_1_2' title="bbox 156 485 1207 1257">
    <p class='ocr_par' dir='ltr' id='par_1_2' title="bbox 156 485 1207 1257">
     <span class='ocr_line' id='line_1_2' title="bbox 160 485 1207 583; baseline -0.003 -23"><span class='ocrx_word' id='word_1_10' title='bbox 160 491 287 573; x_wconf 83' lang='lat' dir='ltr'>fuerat,</span> <span class='ocrx_word' id='word_1_11' title='bbox 314 498 351 559; x_wconf 89' lang='lat' dir='ltr'>et</span> <span class='ocrx_word' id='word_1_12' title='bbox 377 489 524 559; x_wconf 84' lang='lat' dir='ltr'>fortasse</span> <span class='ocrx_word' id='word_1_13' title='bbox 550 489 714 558; x_wconf 81' lang='lat' dir='ltr'>mercede</span> <span class='ocrx_word' id='word_1_14' title='bbox 739 487 970 558; x_wconf 85' lang='lat' dir='ltr'>laboraverat.</span> <span class='ocrx_word' id='word_1_15' title='bbox 1013 485 1207 583; x_wconf 76' lang='grc' dir='ltr'>Αῠθημερόν</span> 
     </span>
     <span class='ocr_line' id='line_1_3' title="bbox 157 599 1205 685; baseline -0.003 -11"><span class='ocrx_word' id='word_1_16' title='bbox 157 603 337 679; x_wconf 73' lang='grc' dir='ltr'>ἀποδώσεις</span> <span class='ocrx_word' id='word_1_17' title='bbox 357 602 417 674; x_wconf 82' lang='grc' dir='ltr'>τὸν</span> <span class='ocrx_word' id='word_1_18' title='bbox 437 599 558 685; x_wconf 80' lang='grc' dir='ltr'>μισθὸν</span> <span class='ocrx_word' id='word_1_19' title='bbox 580 602 690 671; x_wconf 77' lang='grc' dir='ltr'>αὑτοῦ·</span> <span class='ocrx_word' id='word_1_20' title='bbox 722 602 776 671; x_wconf 72' lang='lat' dir='ltr'>oria</span> <span class='ocrx_word' id='word_1_21' title='bbox 793 599 980 672; x_wconf 72' lang='grc' dir='ltr'>ἐπιδόσεται</span> <span class='ocrx_word' id='word_1_22' title='bbox 1003 602 1022 671; x_wconf 86' lang='grc' dir='ltr'>ὁ</span> <span class='ocrx_word' id='word_1_23' title='bbox 1044 602 1136 683; x_wconf 69' lang='lat' dir='ltr'>»illice</span> <span class='ocrx_word' id='word_1_24' title='bbox 1155 602 1205 671; x_wconf 79' lang='grc' dir='ltr'>ἐπ’</span> 
     </span>
     <span class='ocr_line' id='line_1_4' title="bbox 162 715 1206 814; baseline -0.003 -24"><span class='ocrx_word' id='word_1_25' title='bbox 162 720 259 810; x_wconf 65' lang='grc' dir='ltr'><em>αὐτῷ·</em></span> <span class='ocrx_word' id='word_1_26' title='bbox 273 719 328 790; x_wconf 80' lang='grc' dir='ltr'>ὅτι</span> <span class='ocrx_word' id='word_1_27' title='bbox 338 719 433 800; x_wconf 75' lang='grc' dir='ltr'>πένης</span> <span class='ocrx_word' id='word_1_28' title='bbox 444 717 529 800; x_wconf 74' lang='grc' dir='ltr'>ἐστὶ,</span> <span class='ocrx_word' id='word_1_29' title='bbox 542 717 594 786; x_wconf 76' lang='grc' dir='ltr'>καὶ</span> <span class='ocrx_word' id='word_1_30' title='bbox 608 715 640 788; x_wconf 78' lang='grc' dir='ltr'>ἐν</span> <span class='ocrx_word' id='word_1_31' title='bbox 650 717 738 808; x_wconf 67' lang='grc' dir='ltr'>αὐτῷ</span> <span class='ocrx_word' id='word_1_32' title='bbox 749 718 817 814; x_wconf 79' lang='grc' dir='ltr'>ἔχει</span> <span class='ocrx_word' id='word_1_33' title='bbox 828 717 889 800; x_wconf 67' lang='grc' dir='ltr'>τὴν</span> <span class='ocrx_word' id='word_1_34' title='bbox 901 716 1031 800; x_wconf 75' lang='grc' dir='ltr'>ἐλπίδα,</span> <span class='ocrx_word' id='word_1_35' title='bbox 1041 717 1095 789; x_wconf 74' lang='grc' dir='ltr'>καὶ</span> <span class='ocrx_word' id='word_1_36' title='bbox 1106 749 1206 788; x_wconf 84' lang='grc' dir='ltr'>καπα-</span> 
     </span>
     <span class='ocr_line' id='line_1_5' title="bbox 156 831 1206 930; baseline -0.004 -23"><span class='ocrx_word' id='word_1_37' title='bbox 156 838 320 924; x_wconf 66' lang='lat' dir='ltr'>Beria-erat</span> <span class='ocrx_word' id='word_1_38' title='bbox 343 833 429 905; x_wconf 85' lang='grc' dir='ltr'>κατὰ</span> <span class='ocrx_word' id='word_1_39' title='bbox 453 841 513 905; x_wconf 82' lang='grc' dir='ltr'>σοῦ</span> <span class='ocrx_word' id='word_1_40' title='bbox 530 831 613 930; x_wconf 75' lang='grc' dir='ltr'>πρὸς</span> <span class='ocrx_word' id='word_1_41' title='bbox 632 833 764 929; x_wconf 79' lang='grc' dir='ltr'><em>Κύριον,</em></span> <span class='ocrx_word' id='word_1_42' title='bbox 782 835 834 904; x_wconf 71' lang='grc' dir='ltr'>καὶ</span> <span class='ocrx_word' id='word_1_43' title='bbox 851 835 947 905; x_wconf 82' lang='grc' dir='ltr'>ἔσται</span> <span class='ocrx_word' id='word_1_44' title='bbox 966 835 998 905; x_wconf 80' lang='grc' dir='ltr'>ἐν</span> <span class='ocrx_word' id='word_1_45' title='bbox 1020 835 1077 905; x_wconf 79' lang='grc' dir='ltr'>σοὶ</span> <span class='ocrx_word' id='word_1_46' title='bbox 1100 838 1206 930; x_wconf 81' lang='grc' dir='ltr'>ἁμαρ-</span> 
     </span>
     <span class='ocr_line' id='line_1_6' title="bbox 156 950 1204 1043; baseline -0.001 -21"><span class='ocrx_word' id='word_1_47' title='bbox 156 953 243 1023; x_wconf 59' lang='grc' dir='ltr'>τῖαῡ.</span> <span class='ocrx_word' id='word_1_48' title='bbox 294 953 400 1036; x_wconf 84' lang='lat' dir='ltr'>Quod</span> <span class='ocrx_word' id='word_1_49' title='bbox 421 960 541 1022; x_wconf 91' lang='lat' dir='ltr'>autem</span> <span class='ocrx_word' id='word_1_50' title='bbox 569 950 762 1043; x_wconf 84' lang='lat' dir='ltr'>Neptunus</span> <span class='ocrx_word' id='word_1_51' title='bbox 787 951 958 1042; x_wconf 79' lang='grc' dir='ltr'>ἔκπαγλον</span> <span class='ocrx_word' id='word_1_52' title='bbox 982 959 1087 1021; x_wconf 88' lang='lat' dir='ltr'>vocat</span> <span class='ocrx_word' id='word_1_53' title='bbox 1115 950 1204 1022; x_wconf 86' lang='lat' dir='ltr'>Lao·</span> 
     </span>
     <span class='ocr_line' id='line_1_7' title="bbox 156 1067 1203 1168; baseline -0.001 -30"><span class='ocrx_word' id='word_1_54' title='bbox 156 1071 336 1151; x_wconf 87' lang='lat' dir='ltr'>medonta,</span> <span class='ocrx_word' id='word_1_55' title='bbox 353 1069 476 1138; x_wconf 92' lang='lat' dir='ltr'>irridet</span> <span class='ocrx_word' id='word_1_56' title='bbox 493 1089 586 1149; x_wconf 90' lang='lat' dir='ltr'>sane,</span> <span class='ocrx_word' id='word_1_57' title='bbox 604 1075 646 1136; x_wconf 90' lang='lat' dir='ltr'>ut</span> <span class='ocrx_word' id='word_1_58' title='bbox 662 1068 789 1168; x_wconf 88' lang='lat' dir='ltr'>herum</span> <span class='ocrx_word' id='word_1_59' title='bbox 806 1091 970 1159; x_wconf 88' lang='lat' dir='ltr'>procaces</span> <span class='ocrx_word' id='word_1_60' title='bbox 988 1067 1123 1151; x_wconf 83' lang='lat' dir='ltr'>famuli,</span> <span class='ocrx_word' id='word_1_61' title='bbox 1142 1068 1203 1137; x_wconf 89' lang='lat' dir='ltr'>lite</span> 
     </span>
     <span class='ocr_line' id='line_1_8' title="bbox 157 1185 293 1257; baseline 0 -1"><span class='ocrx_word' id='word_1_62' title='bbox 157 1185 293 1257; x_wconf 88' lang='lat' dir='ltr'>oborta.</span> 
     </span>
    </p>
   </div>
   <div class='ocr_carea' id='block_1_3' title="bbox 155 1416 1205 3246">
    <p class='ocr_par' dir='ltr' id='par_1_3' title="bbox 155 1416 1205 3246">
     <span class='ocr_line' id='line_1_9' title="bbox 207 1416 1203 1499; baseline -0.002 -11"><span class='ocrx_word' id='word_1_63' title='bbox 207 1418 335 1489; x_wconf 81' lang='lat' dir='ltr'>Restat</span> <span class='ocrx_word' id='word_1_64' title='bbox 362 1417 423 1489; x_wconf 94' lang='lat' dir='ltr'>ille</span> <span class='ocrx_word' id='word_1_65' title='bbox 453 1418 551 1488; x_wconf 85' lang='lat' dir='ltr'>locus</span> <span class='ocrx_word' id='word_1_66' title='bbox 580 1418 778 1488; x_wconf 87' lang='lat' dir='ltr'>uberrimus</span> <span class='ocrx_word' id='word_1_67' title='bbox 811 1417 922 1486; x_wconf 88' lang='lat' dir='ltr'>ferme</span> <span class='ocrx_word' id='word_1_68' title='bbox 956 1418 1126 1499; x_wconf 89' lang='lat' dir='ltr'>omnium,</span> <span class='ocrx_word' id='word_1_69' title='bbox 1160 1416 1203 1486; x_wconf 93' lang='lat' dir='ltr'>de</span> 
     </span>
     <span class='ocr_line' id='line_1_10' title="bbox 156 1533 1202 1626; baseline -0.002 -22"><span class='ocrx_word' id='word_1_70' title='bbox 156 1535 260 1605; x_wconf 90' lang='lat' dir='ltr'>variis</span> <span class='ocrx_word' id='word_1_71' title='bbox 278 1535 461 1605; x_wconf 88' lang='lat' dir='ltr'>volucrum</span> <span class='ocrx_word' id='word_1_72' title='bbox 477 1542 515 1604; x_wconf 86' lang='lat' dir='ltr'>et</span> <span class='ocrx_word' id='word_1_73' title='bbox 533 1533 724 1603; x_wconf 91' lang='lat' dir='ltr'>bestiarum</span> <span class='ocrx_word' id='word_1_74' title='bbox 743 1533 942 1626; x_wconf 86' lang='lat' dir='ltr'>generibus,</span> <span class='ocrx_word' id='word_1_75' title='bbox 961 1533 1018 1603; x_wconf 87' lang='lat' dir='ltr'>vel</span> <span class='ocrx_word' id='word_1_76' title='bbox 1035 1533 1202 1614; x_wconf 87' lang='lat' dir='ltr'>cicurum,</span> 
     </span>
     <span class='ocr_line' id='line_1_11' title="bbox 155 1648 1202 1742; baseline -0.001 -23"><span class='ocrx_word' id='word_1_77' title='bbox 155 1650 213 1721; x_wconf 89' lang='lat' dir='ltr'>vel</span> <span class='ocrx_word' id='word_1_78' title='bbox 231 1651 405 1732; x_wconf 86' lang='lat' dir='ltr'>ferarum;</span> <span class='ocrx_word' id='word_1_79' title='bbox 431 1673 577 1742; x_wconf 89' lang='lat' dir='ltr'>quarum</span> <span class='ocrx_word' id='word_1_80' title='bbox 598 1673 642 1720; x_wconf 98' lang='lat' dir='ltr'>ex</span> <span class='ocrx_word' id='word_1_81' title='bbox 661 1648 806 1730; x_wconf 89' lang='lat' dir='ltr'>lusibus,</span> <span class='ocrx_word' id='word_1_82' title='bbox 824 1657 937 1740; x_wconf 87' lang='lat' dir='ltr'>pastu,</span> <span class='ocrx_word' id='word_1_83' title='bbox 955 1649 1094 1740; x_wconf 87' lang='lat' dir='ltr'>praeliis,</span> <span class='ocrx_word' id='word_1_84' title='bbox 1108 1651 1202 1719; x_wconf 93' lang='lat' dir='ltr'>omni</span> 
     </span>
     <span class='ocr_line' id='line_1_12' title="bbox 156 1762 1202 1857; baseline -0.002 -20"><span class='ocrx_word' id='word_1_85' title='bbox 156 1767 238 1836; x_wconf 76' lang='lat' dir='ltr'>vitae</span> <span class='ocrx_word' id='word_1_86' title='bbox 255 1775 361 1848; x_wconf 90' lang='lat' dir='ltr'>statu,</span> <span class='ocrx_word' id='word_1_87' title='bbox 379 1767 468 1835; x_wconf 87' lang='lat' dir='ltr'>mira</span> <span class='ocrx_word' id='word_1_88' title='bbox 485 1767 645 1857; x_wconf 87' lang='lat' dir='ltr'>quaedam</span> <span class='ocrx_word' id='word_1_89' title='bbox 662 1765 820 1857; x_wconf 84' lang='lat' dir='ltr'>suppetit</span> <span class='ocrx_word' id='word_1_90' title='bbox 837 1762 1101 1834; x_wconf 87' lang='lat' dir='ltr'>luculentarum</span> <span class='ocrx_word' id='word_1_91' title='bbox 1118 1766 1202 1835; x_wconf 91' lang='lat' dir='ltr'>ima·</span> 
     </span>
     <span class='ocr_line' id='line_1_13' title="bbox 157 1880 1202 1976; baseline -0.001 -25"><span class='ocrx_word' id='word_1_92' title='bbox 157 1882 281 1976; x_wconf 88' lang='lat' dir='ltr'>ginum</span> <span class='ocrx_word' id='word_1_93' title='bbox 316 1883 428 1974; x_wconf 91' lang='lat' dir='ltr'>copia.</span> <span class='ocrx_word' id='word_1_94' title='bbox 481 1882 552 1951; x_wconf 84' lang='lat' dir='ltr'>Sed</span> <span class='ocrx_word' id='word_1_95' title='bbox 586 1881 623 1950; x_wconf 92' lang='lat' dir='ltr'>in</span> <span class='ocrx_word' id='word_1_96' title='bbox 653 1882 729 1951; x_wconf 89' lang='lat' dir='ltr'>istis</span> <span class='ocrx_word' id='word_1_97' title='bbox 758 1880 865 1950; x_wconf 92' lang='lat' dir='ltr'>hodie</span> <span class='ocrx_word' id='word_1_98' title='bbox 893 1903 965 1949; x_wconf 93' lang='lat' dir='ltr'>non</span> <span class='ocrx_word' id='word_1_99' title='bbox 995 1882 1202 1951; x_wconf 91' lang='lat' dir='ltr'>morandum</span> 
     </span>
     <span class='ocr_line' id='line_1_14' title="bbox 158 1996 1205 2090; baseline 0 -23"><span class='ocrx_word' id='word_1_100' title='bbox 158 1998 301 2090; x_wconf 83' lang='lat' dir='ltr'>putavi3</span> <span class='ocrx_word' id='word_1_101' title='bbox 329 1998 457 2089; x_wconf 89' lang='lat' dir='ltr'>partim</span> <span class='ocrx_word' id='word_1_102' title='bbox 483 1998 649 2088; x_wconf 88' lang='lat' dir='ltr'>quoniam</span> <span class='ocrx_word' id='word_1_103' title='bbox 675 2020 798 2066; x_wconf 93' lang='lat' dir='ltr'>eorum</span> <span class='ocrx_word' id='word_1_104' title='bbox 824 1996 960 2066; x_wconf 90' lang='lat' dir='ltr'>indoles</span> <span class='ocrx_word' id='word_1_105' title='bbox 986 1997 1076 2067; x_wconf 87' lang='lat' dir='ltr'>adeo</span> <span class='ocrx_word' id='word_1_106' title='bbox 1101 1997 1205 2090; x_wconf 87' lang='lat' dir='ltr'>plana</span> 
     </span>
     <span class='ocr_line' id='line_1_15' title="bbox 159 2111 1203 2205; baseline 0 -22"><span class='ocrx_word' id='word_1_107' title='bbox 159 2121 214 2183; x_wconf 88' lang='lat' dir='ltr'>est</span> <span class='ocrx_word' id='word_1_108' title='bbox 231 2121 268 2183; x_wconf 88' lang='lat' dir='ltr'>et</span> <span class='ocrx_word' id='word_1_109' title='bbox 284 2121 417 2205; x_wconf 88' lang='lat' dir='ltr'>aperta,</span> <span class='ocrx_word' id='word_1_110' title='bbox 435 2121 477 2182; x_wconf 91' lang='lat' dir='ltr'>ut</span> <span class='ocrx_word' id='word_1_111' title='bbox 500 2114 656 2182; x_wconf 90' lang='lat' dir='ltr'>incurrat</span> <span class='ocrx_word' id='word_1_112' title='bbox 678 2113 715 2181; x_wconf 92' lang='lat' dir='ltr'>in</span> <span class='ocrx_word' id='word_1_113' title='bbox 737 2111 858 2182; x_wconf 91' lang='lat' dir='ltr'>oculos</span> <span class='ocrx_word' id='word_1_114' title='bbox 875 2111 1086 2204; x_wconf 88' lang='lat' dir='ltr'>legentium,</span> <span class='ocrx_word' id='word_1_115' title='bbox 1106 2114 1203 2183; x_wconf 93' lang='lat' dir='ltr'>nullo</span> 
     </span>
     <span class='ocr_line' id='line_1_16' title="bbox 158 2227 1202 2321; baseline 0 -23"><span class='ocrx_word' id='word_1_116' title='bbox 158 2229 330 2311; x_wconf 83' lang='lat' dir='ltr'>docente3</span> <span class='ocrx_word' id='word_1_117' title='bbox 356 2229 496 2321; x_wconf 87' lang='lat' dir='ltr'>partim,</span> <span class='ocrx_word' id='word_1_118' title='bbox 523 2227 696 2320; x_wconf 89' lang='lat' dir='ltr'>exemplis</span> <span class='ocrx_word' id='word_1_119' title='bbox 721 2229 818 2320; x_wconf 84' lang='lat' dir='ltr'>prius</span> <span class='ocrx_word' id='word_1_120' title='bbox 841 2228 1013 2310; x_wconf 82' lang='lat' dir='ltr'>adductis,</span> <span class='ocrx_word' id='word_1_121' title='bbox 1032 2252 1202 2320; x_wconf 92' lang='lat' dir='ltr'>equorum</span> 
     </span>
     <span class='ocr_line' id='line_1_17' title="bbox 159 2343 1203 2438; baseline 0.004 -26"><span class='ocrx_word' id='word_1_122' title='bbox 159 2343 332 2415; x_wconf 85' lang='lat' dir='ltr'>duntaxat</span> <span class='ocrx_word' id='word_1_123' title='bbox 363 2353 400 2415; x_wconf 91' lang='lat' dir='ltr'>et</span> <span class='ocrx_word' id='word_1_124' title='bbox 427 2343 581 2425; x_wconf 92' lang='lat' dir='ltr'>leonum,</span> <span class='ocrx_word' id='word_1_125' title='bbox 609 2367 687 2436; x_wconf 90' lang='lat' dir='ltr'>quae</span> <span class='ocrx_word' id='word_1_126' title='bbox 714 2343 785 2413; x_wconf 93' lang='lat' dir='ltr'>duo</span> <span class='ocrx_word' id='word_1_127' title='bbox 811 2343 956 2412; x_wconf 87' lang='lat' dir='ltr'>suntin</span> <span class='ocrx_word' id='word_1_128' title='bbox 982 2343 1051 2413; x_wconf 90' lang='lat' dir='ltr'>hoc</span> <span class='ocrx_word' id='word_1_129' title='bbox 1076 2368 1203 2438; x_wconf 89' lang='lat' dir='ltr'>genere</span> 
     </span>
     <span class='ocr_line' id='line_1_18' title="bbox 158 2458 1203 2552; baseline 0.002 -23"><span class='ocrx_word' id='word_1_130' title='bbox 158 2460 385 2543; x_wconf 90' lang='lat' dir='ltr'>nobilissima,</span> <span class='ocrx_word' id='word_1_131' title='bbox 404 2483 478 2530; x_wconf 93' lang='lat' dir='ltr'>rem</span> <span class='ocrx_word' id='word_1_132' title='bbox 496 2468 613 2530; x_wconf 91' lang='lat' dir='ltr'>actam</span> <span class='ocrx_word' id='word_1_133' title='bbox 630 2459 795 2530; x_wconf 89' lang='lat' dir='ltr'>nolebam</span> <span class='ocrx_word' id='word_1_134' title='bbox 813 2481 930 2552; x_wconf 89' lang='lat' dir='ltr'>agere.</span> <span class='ocrx_word' id='word_1_135' title='bbox 982 2458 1073 2530; x_wconf 89' lang='lat' dir='ltr'>Haec</span> <span class='ocrx_word' id='word_1_136' title='bbox 1085 2469 1203 2531; x_wconf 89' lang='lat' dir='ltr'>tamen</span> 
     </span>
     <span class='ocr_line' id='line_1_19' title="bbox 157 2574 1203 2668; baseline 0.003 -25"><span class='ocrx_word' id='word_1_137' title='bbox 157 2575 209 2645; x_wconf 89' lang='lat' dir='ltr'>ita</span> <span class='ocrx_word' id='word_1_138' title='bbox 242 2574 452 2668; x_wconf 86' lang='lat' dir='ltr'>linquamus,</span> <span class='ocrx_word' id='word_1_139' title='bbox 485 2583 527 2644; x_wconf 94' lang='lat' dir='ltr'>ut</span> <span class='ocrx_word' id='word_1_140' title='bbox 564 2577 830 2645; x_wconf 85' lang='lat' dir='ltr'>meminerimus</span> <span class='ocrx_word' id='word_1_141' title='bbox 869 2598 991 2644; x_wconf 89' lang='lat' dir='ltr'>eorum</span> <span class='ocrx_word' id='word_1_142' title='bbox 1030 2597 1203 2646; x_wconf 88' lang='lat' dir='ltr'>summam</span> 
     </span>
     <span class='ocr_line' id='line_1_20' title="bbox 158 2690 1202 2784; baseline 0.004 -25"><span class='ocrx_word' id='word_1_143' title='bbox 158 2691 295 2762; x_wconf 91' lang='lat' dir='ltr'>duobus</span> <span class='ocrx_word' id='word_1_144' title='bbox 321 2693 394 2762; x_wconf 89' lang='lat' dir='ltr'>fere</span> <span class='ocrx_word' id='word_1_145' title='bbox 420 2692 594 2784; x_wconf 88' lang='lat' dir='ltr'>capitibus</span> <span class='ocrx_word' id='word_1_146' title='bbox 620 2692 803 2761; x_wconf 85' lang='lat' dir='ltr'>contineri.</span> <span class='ocrx_word' id='word_1_147' title='bbox 856 2690 953 2760; x_wconf 89' lang='lat' dir='ltr'>Nam</span> <span class='ocrx_word' id='word_1_148' title='bbox 977 2713 1202 2784; x_wconf 90' lang='lat' dir='ltr'>quascunque</span> 
     </span>
     <span class='ocr_line' id='line_1_21' title="bbox 158 2805 1202 2896; baseline 0.002 -23"><span class='ocrx_word' id='word_1_149' title='bbox 158 2805 330 2896; x_wconf 90' lang='lat' dir='ltr'>ejusmodi</span> <span class='ocrx_word' id='word_1_150' title='bbox 365 2806 643 2876; x_wconf 87' lang='lat' dir='ltr'>narratiunculas</span> <span class='ocrx_word' id='word_1_151' title='bbox 670 2806 827 2876; x_wconf 89' lang='lat' dir='ltr'>intexuit</span> <span class='ocrx_word' id='word_1_152' title='bbox 861 2805 1052 2888; x_wconf 89' lang='lat' dir='ltr'>Homerus,</span> <span class='ocrx_word' id='word_1_153' title='bbox 1084 2829 1202 2876; x_wconf 91' lang='lat' dir='ltr'>omnes</span> 
     </span>
     <span class='ocr_line' id='line_1_22' title="bbox 158 2921 1201 3014; baseline 0 -25"><span class='ocrx_word' id='word_1_154' title='bbox 158 2921 326 2991; x_wconf 86' lang='lat' dir='ltr'>videntur</span> <span class='ocrx_word' id='word_1_155' title='bbox 348 2945 423 2993; x_wconf 90' lang='lat' dir='ltr'>esse</span> <span class='ocrx_word' id='word_1_156' title='bbox 449 2923 596 3014; x_wconf 85' lang='lat' dir='ltr'>propriae</span> <span class='ocrx_word' id='word_1_157' title='bbox 622 2930 685 2991; x_wconf 91' lang='lat' dir='ltr'>aut</span> <span class='ocrx_word' id='word_1_158' title='bbox 709 2921 906 2992; x_wconf 77' lang='lat' dir='ltr'>cenantium</span> <span class='ocrx_word' id='word_1_159' title='bbox 929 2929 992 2991; x_wconf 89' lang='lat' dir='ltr'>aut</span> <span class='ocrx_word' id='word_1_160' title='bbox 1014 2930 1201 3014; x_wconf 77' lang='lat' dir='ltr'>partorum.</span> 
     </span>
     <span class='ocr_line' id='line_1_23' title="bbox 159 3034 1201 3130; baseline 0 -25"><span class='ocrx_word' id='word_1_161' title='bbox 159 3034 399 3119; x_wconf 81' lang='lat' dir='ltr'>Quamobrem</span> <span class='ocrx_word' id='word_1_162' title='bbox 424 3039 558 3130; x_wconf 88' lang='lat' dir='ltr'>optime</span> <span class='ocrx_word' id='word_1_163' title='bbox 584 3039 621 3107; x_wconf 93' lang='lat' dir='ltr'>in</span> <span class='ocrx_word' id='word_1_164' title='bbox 648 3037 759 3107; x_wconf 92' lang='lat' dir='ltr'>talem</span> <span class='ocrx_word' id='word_1_165' title='bbox 783 3038 924 3118; x_wconf 88' lang='lat' dir='ltr'>cadunt,</span> <span class='ocrx_word' id='word_1_166' title='bbox 954 3034 1096 3128; x_wconf 92' lang='lat' dir='ltr'>qualem</span> <span class='ocrx_word' id='word_1_167' title='bbox 1123 3059 1201 3106; x_wconf 91' lang='lat' dir='ltr'>eum</span> 
     </span>
     <span class='ocr_line' id='line_1_24' title="bbox 158 3153 1148 3246; baseline 0.001 -25"><span class='ocrx_word' id='word_1_168' title='bbox 158 3154 287 3223; x_wconf 88' lang='lat' dir='ltr'>vixisse</span> <span class='ocrx_word' id='word_1_169' title='bbox 303 3176 377 3234; x_wconf 92' lang='lat' dir='ltr'>nos,</span> <span class='ocrx_word' id='word_1_170' title='bbox 395 3153 517 3222; x_wconf 92' lang='lat' dir='ltr'>multis</span> <span class='ocrx_word' id='word_1_171' title='bbox 535 3154 729 3224; x_wconf 87' lang='lat' dir='ltr'>rationibus</span> <span class='ocrx_word' id='word_1_172' title='bbox 747 3153 901 3236; x_wconf 89' lang='lat' dir='ltr'>adducti,</span> <span class='ocrx_word' id='word_1_173' title='bbox 920 3175 1148 3246; x_wconf 89' lang='lat' dir='ltr'>auguramur.</span> 
     </span>
    </p>
   </div>
   <div class='ocr_carea' id='block_1_4' title="bbox 155 3384 1203 4400">
    <p class='ocr_par' dir='ltr' id='par_1_4' title="bbox 155 3384 1203 4054">
     <span class='ocr_line' id='line_1_25' title="bbox 207 3384 1202 3478; baseline 0 -24"><span class='ocrx_word' id='word_1_174' title='bbox 207 3384 279 3455; x_wconf 85' lang='lat' dir='ltr'>Sed</span> <span class='ocrx_word' id='word_1_175' title='bbox 303 3409 451 3478; x_wconf 91' lang='lat' dir='ltr'>propero</span> <span class='ocrx_word' id='word_1_176' title='bbox 475 3386 519 3455; x_wconf 95' lang='lat' dir='ltr'>ad</span> <span class='ocrx_word' id='word_1_177' title='bbox 541 3409 592 3466; x_wconf 90' lang='lat' dir='ltr'>ea,</span> <span class='ocrx_word' id='word_1_178' title='bbox 612 3410 691 3477; x_wconf 88' lang='lat' dir='ltr'>quae</span> <span class='ocrx_word' id='word_1_179' title='bbox 714 3385 843 3455; x_wconf 93' lang='lat' dir='ltr'>ultimo</span> <span class='ocrx_word' id='word_1_180' title='bbox 867 3385 946 3456; x_wconf 89' lang='lat' dir='ltr'>loco</span> <span class='ocrx_word' id='word_1_181' title='bbox 964 3393 1066 3455; x_wconf 88' lang='lat' dir='ltr'>erant</span> <span class='ocrx_word' id='word_1_182' title='bbox 1088 3386 1202 3478; x_wconf 90' lang='lat' dir='ltr'>dispu-</span> 
     </span>
     <span class='ocr_line' id='line_1_26' title="bbox 158 3501 1201 3595; baseline -0.003 -24"><span class='ocrx_word' id='word_1_183' title='bbox 158 3502 277 3571; x_wconf 87' lang='lat' dir='ltr'>tanda:</span> <span class='ocrx_word' id='word_1_184' title='bbox 298 3501 355 3570; x_wconf 92' lang='lat' dir='ltr'>De</span> <span class='ocrx_word' id='word_1_185' title='bbox 368 3524 498 3595; x_wconf 88' lang='lat' dir='ltr'>genere</span> <span class='ocrx_word' id='word_1_186' title='bbox 516 3502 666 3583; x_wconf 93' lang='lat' dir='ltr'>dicendi,</span> <span class='ocrx_word' id='word_1_187' title='bbox 681 3525 751 3593; x_wconf 93' lang='lat' dir='ltr'>quo</span> <span class='ocrx_word' id='word_1_188' title='bbox 764 3526 847 3572; x_wconf 89' lang='lat' dir='ltr'>usus</span> <span class='ocrx_word' id='word_1_189' title='bbox 865 3511 919 3572; x_wconf 89' lang='lat' dir='ltr'>est</span> <span class='ocrx_word' id='word_1_190' title='bbox 938 3502 1059 3571; x_wconf 91' lang='lat' dir='ltr'>Iliadis</span> <span class='ocrx_word' id='word_1_191' title='bbox 1071 3511 1201 3572; x_wconf 84' lang='lat' dir='ltr'>auctor.</span> 
     </span>
     <span class='ocr_line' id='line_1_27' title="bbox 157 3616 1201 3709; baseline -0.001 -24"><span class='ocrx_word' id='word_1_192' title='bbox 157 3616 303 3686; x_wconf 84' lang='lat' dir='ltr'>Etenim</span> <span class='ocrx_word' id='word_1_193' title='bbox 321 3639 366 3686; x_wconf 91' lang='lat' dir='ltr'>ex</span> <span class='ocrx_word' id='word_1_194' title='bbox 385 3640 428 3686; x_wconf 89' lang='lat' dir='ltr'>ea</span> <span class='ocrx_word' id='word_1_195' title='bbox 440 3626 540 3708; x_wconf 90' lang='lat' dir='ltr'>parte</span> <span class='ocrx_word' id='word_1_196' title='bbox 553 3640 624 3686; x_wconf 91' lang='lat' dir='ltr'>non</span> <span class='ocrx_word' id='word_1_197' title='bbox 638 3618 755 3686; x_wconf 90' lang='lat' dir='ltr'>minus</span> <span class='ocrx_word' id='word_1_198' title='bbox 768 3642 874 3709; x_wconf 90' lang='lat' dir='ltr'>quam</span> <span class='ocrx_word' id='word_1_199' title='bbox 888 3640 934 3687; x_wconf 90' lang='lat' dir='ltr'>ex</span> <span class='ocrx_word' id='word_1_200' title='bbox 948 3617 1201 3687; x_wconf 89' lang='lat' dir='ltr'>sententiarum</span> 
     </span>
     <span class='ocr_line' id='line_1_28' title="bbox 157 3732 1203 3826; baseline 0 -26"><span class='ocrx_word' id='word_1_201' title='bbox 157 3732 299 3802; x_wconf 89' lang='lat' dir='ltr'>delectu</span> <span class='ocrx_word' id='word_1_202' title='bbox 314 3740 350 3801; x_wconf 88' lang='lat' dir='ltr'>et</span> <span class='ocrx_word' id='word_1_203' title='bbox 362 3732 566 3824; x_wconf 85' lang='lat' dir='ltr'>imaginum,</span> <span class='ocrx_word' id='word_1_204' title='bbox 581 3733 681 3824; x_wconf 90' lang='lat' dir='ltr'>prodi</span> <span class='ocrx_word' id='word_1_205' title='bbox 695 3732 856 3826; x_wconf 84' lang='lat' dir='ltr'>intelligo</span> <span class='ocrx_word' id='word_1_206' title='bbox 869 3733 1078 3804; x_wconf 88' lang='lat' dir='ltr'>bellicosum</span> <span class='ocrx_word' id='word_1_207' title='bbox 1091 3733 1203 3824; x_wconf 92' lang='lat' dir='ltr'>primo</span> 
     </span>
     <span class='ocr_line' id='line_1_29' title="bbox 155 3847 1203 3940; baseline 0.001 -25"><span class='ocrx_word' id='word_1_208' title='bbox 155 3847 347 3929; x_wconf 89' lang='lat' dir='ltr'>hominem,</span> <span class='ocrx_word' id='word_1_209' title='bbox 374 3848 501 3917; x_wconf 90' lang='lat' dir='ltr'>deinde</span> <span class='ocrx_word' id='word_1_210' title='bbox 531 3856 717 3940; x_wconf 89' lang='lat' dir='ltr'>agrestem,</span> <span class='ocrx_word' id='word_1_211' title='bbox 747 3849 852 3918; x_wconf 87' lang='lat' dir='ltr'>tertio</span> <span class='ocrx_word' id='word_1_212' title='bbox 883 3848 1063 3940; x_wconf 89' lang='lat' dir='ltr'>plebeium</span> <span class='ocrx_word' id='word_1_213' title='bbox 1090 3855 1128 3917; x_wconf 91' lang='lat' dir='ltr'>et</span> <span class='ocrx_word' id='word_1_214' title='bbox 1153 3848 1203 3916; x_wconf 91' lang='lat' dir='ltr'>in-</span> 
     </span>
     <span class='ocr_line' id='line_1_30' title="bbox 156 3985 272 4054; baseline 0.034 -25"><span class='ocrx_word' id='word_1_215' title='bbox 156 3985 272 4054; x_wconf 90' lang='lat' dir='ltr'>opem.</span> 
     </span>
    </p>

    <p class='ocr_par' dir='ltr' id='par_1_5' title="bbox 155 4077 1203 4400">
     <span class='ocr_line' id='line_1_31' title="bbox 206 4077 1203 4171; baseline 0 -26"><span class='ocrx_word' id='word_1_216' title='bbox 206 4077 366 4160; x_wconf 84' lang='lat' dir='ltr'>Quorum</span> <span class='ocrx_word' id='word_1_217' title='bbox 392 4081 551 4149; x_wconf 91' lang='lat' dir='ltr'>omnium</span> <span class='ocrx_word' id='word_1_218' title='bbox 577 4081 816 4171; x_wconf 86' lang='lat' dir='ltr'>conjecturam</span> <span class='ocrx_word' id='word_1_219' title='bbox 842 4079 996 4171; x_wconf 88' lang='lat' dir='ltr'>aliquam</span> <span class='ocrx_word' id='word_1_220' title='bbox 1018 4077 1107 4146; x_wconf 90' lang='lat' dir='ltr'>illud</span> <span class='ocrx_word' id='word_1_221' title='bbox 1135 4077 1203 4168; x_wconf 87' lang='lat' dir='ltr'>pri·</span> 
     </span>
     <span class='ocr_line' id='line_1_32' title="bbox 155 4191 1203 4286; baseline 0.001 -27"><span class='ocrx_word' id='word_1_222' title='bbox 155 4214 255 4260; x_wconf 90' lang='lat' dir='ltr'>mum</span> <span class='ocrx_word' id='word_1_223' title='bbox 269 4191 393 4262; x_wconf 85' lang='lat' dir='ltr'>afferre</span> <span class='ocrx_word' id='word_1_224' title='bbox 407 4194 568 4277; x_wconf 83' lang='lat' dir='ltr'>dixerim,</span> <span class='ocrx_word' id='word_1_225' title='bbox 584 4196 677 4286; x_wconf 91' lang='lat' dir='ltr'>quod</span> <span class='ocrx_word' id='word_1_226' title='bbox 696 4196 822 4286; x_wconf 85' lang='lat' dir='ltr'>saepius</span> <span class='ocrx_word' id='word_1_227' title='bbox 837 4202 999 4286; x_wconf 88' lang='lat' dir='ltr'>repetere</span> <span class='ocrx_word' id='word_1_228' title='bbox 1016 4216 1087 4263; x_wconf 93' lang='lat' dir='ltr'>non</span> <span class='ocrx_word' id='word_1_229' title='bbox 1106 4215 1203 4262; x_wconf 87' lang='lat' dir='ltr'>vere-</span> 
     </span>
     <span class='ocr_line' id='line_1_33' title="bbox 155 4306 1202 4400; baseline 0.001 -28"><span class='ocrx_word' id='word_1_230' title='bbox 155 4312 223 4388; x_wconf 87' lang='lat' dir='ltr'>tur,</span> <span class='ocrx_word' id='word_1_231' title='bbox 237 4327 307 4372; x_wconf 93' lang='lat' dir='ltr'>non</span> <span class='ocrx_word' id='word_1_232' title='bbox 321 4306 427 4375; x_wconf 93' lang='lat' dir='ltr'>modo</span> <span class='ocrx_word' id='word_1_233' title='bbox 441 4308 553 4377; x_wconf 85' lang='lat' dir='ltr'>verba</span> <span class='ocrx_word' id='word_1_234' title='bbox 570 4309 631 4377; x_wconf 87' lang='lat' dir='ltr'>sed</span> <span class='ocrx_word' id='word_1_235' title='bbox 646 4331 766 4379; x_wconf 88' lang='lat' dir='ltr'>versus</span> <span class='ocrx_word' id='word_1_236' title='bbox 784 4310 891 4379; x_wconf 91' lang='lat' dir='ltr'>etiam</span> <span class='ocrx_word' id='word_1_237' title='bbox 910 4310 1079 4400; x_wconf 86' lang='lat' dir='ltr'>integros,</span> <span class='ocrx_word' id='word_1_238' title='bbox 1094 4307 1202 4375; x_wconf 91' lang='lat' dir='ltr'>immo</span> 
     </span>
    </p>
   </div>
   <div class='ocr_carea' id='block_1_5' title="bbox 552 4443 807 4512">
    <p class='ocr_par' dir='ltr' id='par_1_6' title="bbox 552 4443 807 4512">
     <span class='ocr_line' id='line_1_34' title="bbox 552 4443 807 4512; baseline 0.004 -16"><span class='ocrx_word' id='word_1_239' title='bbox 552 4451 564 4480; x_wconf 77' lang='lat'><strong>⁰</strong></span> <span class='ocrx_word' id='word_1_240' title='bbox 583 4443 665 4496; x_wconf 87' lang='lat' dir='ltr'>Dent.</span> <span class='ocrx_word' id='word_1_241' title='bbox 678 4444 749 4499; x_wconf 84' lang='lat' dir='ltr'>xxiv.</span> <span class='ocrx_word' id='word_1_242' title='bbox 766 4458 807 4512; x_wconf 87' lang='lat'>15.</span> 
     </span>
    </p>
   </div>
   <div class='ocr_carea' id='block_1_6' title="bbox 0 0 1374 4866">
    <p class='ocr_par' dir='ltr' id='par_1_7' title="bbox 0 0 1374 4866">
     <span class='ocr_line' id='line_1_35' title="bbox 0 0 1374 4866; baseline 0 0"><span class='ocrx_word' id='word_1_243' title='bbox 0 0 1374 4866; x_wconf 95' lang='lat' dir='ltr'> </span> 
     </span>
    </p>
   </div>
  </div>
 </body>
</html>
