2738 4866
162 319 225 381 142
304 316 454 401 Exempla
469 316 632 380 Homerica
647 316 730 380 αι’νσο
747 317 886 380 Heroum
900 316 1024 401 Eqaoe:
1056 337 1152 380 raian.
1163 336 1202 377 rx.

160 480 310 576 ἐναργείο
339 480 423 550 satia
450 479 692 549 demonstrant
720 500 802 548 cum
832 476 964 570 populo
994 476 1099 547 illum
1131 499 1204 546 sen-

160 595 256 664 sisae.

212 707 283 778 Sed
305 708 342 776 in
365 706 461 775 omni
485 706 552 775 hoo
573 728 703 798 genere
722 707 852 797 primas
875 705 978 775 faoile
1001 713 1130 775 tenent
1155 727 1204 781 ea,

161 846 238 914 quae
264 823 309 893 de
334 820 543 891 bellantium
570 822 668 911 equis
693 845 765 891 non
782 829 856 891 tam
873 822 1081 913 frequentia,
1100 843 1204 913 quam

161 946 254 1028 apta,
281 945 318 1005 et
343 936 473 1028 gravia,
498 945 536 1005 et
562 935 691 1006 affeetu
720 936 825 1028 plena
850 936 1010 1030 legimus.
1073 935 1203 1005 Deeuit

161 1053 329 1121 nimirum
352 1050 453 1120 illum
472 1050 631 1132 Poetam,
649 1051 749 1142 cujus
770 1052 868 1142 quasi
889 1051 1045 1143 Martius
1062 1049 1205 1143 clangor

161 1169 258 1238 omni
293 1169 329 1236 in
363 1190 437 1237 aevo
470 1166 665 1235 militantes
695 1172 770 1235 erat
805 1188 1023 1249 accensurum
1051 1176 1093 1237 ut
1124 1191 1202 1237 oum

160 1305 280 1353 amore
306 1281 458 1371 quodam
484 1280 617 1350 eximio
642 1287 853 1371 perpetuum
879 1279 1074 1350 celebraret
1098 1281 1203 1350 eomi-

114 1434 119 1442 ·
160 1404 236 1465 tem
266 1395 508 1484 famulumque
536 1393 681 1463 militiae.
732 1391 791 1478 Aa
820 1393 925 1463 mitto
955 1417 1008 1477 ea,
1036 1417 1117 1487 quae
1140 1396 1203 1485 ‘per

160 1512 254 1603 ipsos
283 1531 459 1590 numeror,
486 1507 596 1578 effuso
624 1507 778 1599 quodam
804 1518 841 1578 et
871 1508 982 1579 libero
998 1510 1110 1579 'motu
1135 1510 1202 1579 auis

160 1628 258 1720 quasi
276 1624 411 1695 deliciis
428 1622 650 1693 exultantem
667 1622 844 1694 indicant:

335 1811 370 1868 ὥς
381 1809 403 1864 δ’
416 1809 460 1864 ὅτε
472 1830 511 1864 τις
522 1807 716 1872 mardrinum,
729 1807 879 1878 ἀκοστήσας
890 1809 933 1864 ἐπὶ
945 1811 1040 1881 φάτνῃ,

335 1897 433 1966 δεσμὸν
443 1893 591 1966 ἀπορρήξας
603 1893 656 1963 θείῃ
668 1895 768 1950 πεδίοιο
780 1895 910 1966 κροαίνων,

334 1983 429 2038 εἰωθὼς
439 1980 566 2036 λούεσθαι
577 1980 694 2051 ε’ὕῤῥεῖος
704 1985 840 2050 ποταμοῖο,

335 2069 451 2123 κυδιόων·
469 2069 541 2137 ὑψοῦ
553 2067 582 2120 δέ
594 2069 657 2138 κάρη
670 2068 734 2138 ἔχει,
746 2069 815 2138 ἀμφὶ
827 2068 855 2122 δέ
866 2071 954 2139 χαῖται

335 2154 412 2224 ὥροις
423 2151 569 2207 ἀΐσσονται·
589 2155 603 2205 d
616 2151 637 2205 δ’
650 2149 778 2224 ἀγλαΐρφι
790 2154 927 2218 πεποιθὸς,

333 2239 419 2311 ῥίμφα
430 2240 444 2292 έ
455 2241 535 2309 γοῦνα
546 2237 622 2309 φέρει
633 2239 697 2307 μετά
708 2237 731 2292 τ’
742 2237 805 2307 ἤθεα
817 2239 858 2293 καί
870 2240 947 2308 νομὸν
958 2238 1074 2295 imore.

160 2403 288 2473 Fracto
309 2403 529 2494 abruptaque
548 2401 735 2470 verborum
758 2401 871 2470 ordini
891 2425 963 2471 non
986 2426 1129 2494 prorsus
1154 2408 1203 2475 in·

160 2528 243 2610 epte
259 2518 448 2610 respondet
466 2506 587 2586 eureus
603 2515 665 2585 ille
682 2517 778 2585 omni
795 2516 875 2610 lege
892 2516 1048 2588 solutus:

336 2679 350 2729 d
363 2675 385 2730 δ’
397 2676 534 2747 ἀγλαίηφι,
546 2697 569 2729 κ.
580 2698 603 2730 τ.
611 2679 638 2731 λ.

210 2837 281 2908 Sed
307 2861 349 2908 ea
373 2837 549 2908 malebam
574 2839 680 2908 hodie
706 2840 900 2930 exquirere,
927 2863 1004 2930 quae
1029 2841 1200 2911 nobilium

159 2955 376 3045 quorundam
405 2976 577 3044 equorum
604 2955 678 3025 fata
693 2977 742 3041 ,ao
764 2955 923 3024 fortunas
952 2978 1035 3025 oum
1065 2978 1202 3024 summa

158 3091 276 3138 rerum
310 3067 499 3137 Iliaearum
534 3064 764 3160 conjungunt,
794 3069 968 3160 ipsosque,
984 3067 985 3070 ’
997 3069 1202 3161 gravissimo

159 3205 298 3273 quoque
325 3191 495 3274 tempore,
526 3183 625 3252 velut
659 3205 887 3273 eorumquae
916 3191 1070 3275 aguntur
1097 3186 1202 3275 parti-

158 3299 263 3387 ciper,
276 3297 385 3367 immo
399 3306 436 3365 et
454 3299 621 3381 conscios,
641 3298 825 3367 inducunt.
861 3296 981 3367 Primo
999 3297 1201 3382 Diomeden,

157 3421 318 3481 extremo
332 3412 413 3480 vitae
426 3412 593 3503 periculo,
611 3411 699 3481 nihil
716 3420 792 3481 tam
809 3415 914 3483 anxie
931 3415 1016 3507 agit,
1033 3405 1140 3506 quam
1157 3439 1202 3485 ne

156 3526 311 3596 bostium
330 3526 412 3617 equi
430 3525 609 3620 effugiant.

330 3693 358 3749 αί
368 3695 410 3750 κέν
421 3718 465 3764 μοι
477 3695 645 3761 πολύβουλος
654 3697 749 3768 Ἀθήνη
763 3700 839 3755 κῦδος
850 3699 936 3769 ὀρέξῃ,

329 3781 469 3853 ἀμφοτέρω
482 3785 585 3847 κτεῖναι,
599 3785 634 3838 σὺ
646 3785 674 3839 δὲ
687 3785 782 3840 τούσδε
793 3787 841 3855 μὲν
853 3786 932 3843 ὠκέας
943 3785 1037 3842 ἵππους

328 3867 407 3921 αὐτοῦ
420 3869 573 3940 ἐρυκακέειν,
587 3870 616 3938 ἐξ
628 3871 737 3943 ἄντυγος
749 3871 806 3940 ἡνία
817 3874 909 3929 τείνας·

329 3955 432 4008 Αἰνείαο
445 3954 467 4008 d'
479 3951 581 4024 ἐπαΐξαι
593 3957 751 4026 μεμνημένος
761 3957 856 4022 ἵππων,

331 4039 358 4092 ἐκ
371 4039 392 4092 δ’
404 4040 500 4095 έλάσαι
512 4044 606 4110 Τρώων
617 4041 671 4111 μετ’
685 4042 835 4113 ἐϋκνήμιδας
844 4042 994 4114 Ἀχαιούςίῑ.

329 4276 341 4323 ι
360 4269 393 4322 11.
406 4270 441 4324 vr.
455 4270 516 4341 50⁶.
890 4276 904 4313 r
923 4295 948 4329 v.
963 4275 1023 4329 260.
