2738 4866
153 345 250 386 nanu.
262 344 293 385 v.
337 318 726 393 εἰσηῦῐωηωιίαοκαπιὸωη,
742 317 864 380 Pudore
878 315 1016 400 quadarn.
1163 311 1203 376 61

156 481 513 572 qrraestio,Prima1iis
534 481 580 549 sit
601 479 896 558 adnumerandus,
919 497 1051 544 necne:
1079 484 1115 544 et
1138 474 1207 543 hoc

157 596 260 665 nobis
286 617 465 664 sumamus
490 594 672 672 indicium,
694 593 788 682 quod
809 591 854 660 ab
877 590 1079 660 inveniendi
1096 588 1208 680 gloria

157 707 324 776 affectata
340 716 403 775 aut
420 705 583 798 neglecta
598 707 759 786 ducitur;
782 713 819 772 et
837 704 988 772 alterum
1002 701 1100 782 illud,
1115 700 1209 792 quod

159 829 244 890 ante
263 821 418 889 diximus
435 820 472 887 in
490 821 660 888 servanda
677 818 875 887 constantia
892 817 985 908 poni.

212 1048 282 1117 His
306 1049 383 1139 jam
412 1048 571 1127 tertium,
606 1047 635 1114 si
669 1049 797 1137 placet,
827 1048 1008 1126 addamus
1039 1068 1109 1134 quo
1140 1067 1211 1114 uno

161 1163 399 1254 pulcherrime
423 1162 650 1253 dignoscitur,
678 1162 738 1250 qui
762 1162 834 1230 sint
857 1161 930 1229 veri
959 1159 1136 1249 viridique
1161 1157 1213 1226 af-

162 1279 290 1358 fectus
307 1299 384 1367 quae
401 1278 536 1344 sincera
552 1275 627 1344 sine
645 1274 727 1343 fuco
745 1273 876 1343 Poesis.
930 1274 1148 1352 Videndum,
1167 1295 1211 1341 ne

163 1393 209 1460 sit
229 1392 359 1459 nimius
383 1391 541 1480 scriptor,
559 1411 604 1456 ne
629 1391 705 1458 sine
727 1389 801 1457 ullo
819 1389 1018 1458 discrimine
1044 1388 1212 1469 luxuriet,

163 1530 209 1576 ne
244 1528 342 1574 sacra
374 1504 528 1596 profanis
562 1505 706 1595 indigne
740 1504 897 1573 misceat.
950 1503 989 1571 N
991 1526 1083 1571 orme
1117 1526 1212 1572 com-

164 1621 282 1690 munis
309 1620 387 1689 haec
415 1621 489 1688 vita
518 1621 657 1700 edocet,
685 1619 797 1709 qualis
824 1641 938 1688 sermo
966 1619 1011 1686 sit
1037 1619 1112 1707 ejus
1138 1619 1214 1697 viri,

165 1735 226 1825 qui
243 1733 375 1803 affectu
390 1734 508 1823 aliquo
525 1732 684 1825 graviore
701 1732 972 1824 permoveatur?
1021 1732 1214 1822 Postquam

165 1849 277 1920 semel
304 1849 376 1918 alte
406 1848 533 1917 vulnus
557 1849 697 1930 insedit,
727 1849 856 1930 omnia,
880 1870 961 1938 quae
986 1847 1152 1937 loquitur,
1179 1849 1215 1916 id

166 1971 305 2044 sonant,
323 1985 393 2053 quo
411 1962 527 2030 tendit
551 1983 648 2052 aegra
664 1960 837 2030 desiderio
860 1983 980 2030 mens:
1008 1962 1068 2030 sed
1095 1969 1217 2029 tamen

167 2076 348 2145 obscurius
374 2082 510 2144 sonant.
563 2073 650 2142 Non
674 2075 792 2143 omnia
812 2074 889 2143 vult
914 2075 1077 2144 omnibus
1100 2073 1216 2164 palam

168 2191 249 2271 dici,
272 2189 334 2257 sed
360 2196 529 2278 tanquam
555 2187 691 2256 cithara
715 2185 824 2276 pulsa,
842 2187 1069 2277 paucularum
1090 2209 1217 2255 vocum

168 2326 246 2395 ope,
265 2303 371 2372 docet
388 2303 561 2383 cordatos,
579 2302 664 2392 quid
682 2301 747 2370 sibi
765 2300 870 2370 velit:

362 2484 488 2555 “Incipit
499 2484 582 2547 effari,
595 2483 734 2554 mediaque
746 2484 774 2537 in
786 2502 851 2538 voce
862 2485 989 2539 resistit.”

171 2650 326 2720 Habetis
352 2649 538 2718 formulam
568 2671 687 2717 amore
718 2659 925 2741 captorum:
962 2673 1042 2740 quae
1070 2651 1221 2724 formula

171 2763 256 2834 satis
283 2764 375 2831 bene
400 2761 530 2843 Poetis,
558 2760 745 2831 dulcedine
770 2764 923 2852 quadam
949 2765 1070 2853 captis
1095 2787 1222 2834 conve-

171 2879 258 2946 niet.
311 2877 401 2944 Eam
430 2886 552 2945 autem
586 2876 699 2944 tribus
733 2877 975 2968 promulgasse
1006 2877 1121 2945 verbis
1154 2879 1222 2948 hoc

172 3001 335 3082 tempore
360 2991 445 3059 satis
472 2990 583 3059 foret:
616 2998 832 3058 monstratur
855 2991 949 3058 euim
975 2990 1050 3080 ipsa
1071 2990 1224 3062 Poeseos

175 3104 305 3187 indole,
324 3105 464 3196 qualem
488 3127 552 3174 nos
572 3104 677 3173 initio
698 3105 873 3186 diximus3
908 3105 1103 3196 multisque
1128 3117 1225 3198 post-

173 3221 240 3290 hac
254 3219 491 3289 declarabitur
507 3219 691 3310 exemplis.
742 3218 813 3288 Sed
831 3221 998 3311 quoniam
1016 3222 1053 3289 in
1067 3245 1109 3290 eo
1127 3225 1226 3312 quasi

175 3335 318 3406 cardine
334 3335 445 3404 totius
458 3335 614 3404 instituti
631 3335 720 3403 ratio
738 3336 898 3416 vertitur,
916 3336 1068 3426 adjicere
1086 3338 1226 3407 decrevi

175 3472 290 3542 pauca
311 3450 485 3539 quaedam,
509 3472 590 3540 quae
616 3449 762 3540 planum
785 3450 917 3519 faciant
939 3451 976 3519 in
1002 3474 1039 3519 re
1065 3462 1226 3543 cognata,

177 3572 352 3656 quantum
368 3565 501 3655 polleat
518 3564 660 3633 innatus
677 3563 880 3634 hominibus
898 3566 1020 3656 pudor.

227 3679 365 3749 AEtemi
385 3678 480 3748 illius
497 3678 667 3747 Numinis
684 3680 873 3760 veneratio
891 3702 972 3770 quae
990 3681 1133 3771 quidem
1149 3701 1228 3772 ger-

176 3816 283 3863 mana
305 3794 362 3875 sit,
385 3802 423 3862 et
450 3793 495 3861 ab
519 3793 591 3861 imo
614 3792 720 3861 corde
743 3793 995 3883 proficiscatur,
1016 3816 1087 3861 non
1110 3793 1227 3862 lucem

177 3910 285 3977 modo
313 3907 459 3976 nimiam
490 3908 565 3998 ipsa
594 3907 756 3999 refugiet,
779 3930 901 3977 verum
933 3909 1052 3990 etiam,
1081 3909 1109 3976 si
1140 3910 1228 3999 quis,

179 4021 402 4091 verecundiae
433 4020 576 4104 oblitus,
602 4022 639 4089 in
668 4043 706 4089 re
736 4030 957 4091 sacrosancta
987 4030 1121 4091 temere
1151 4047 1230 4116 gar-

179 4136 259 4218 riat,
277 4135 378 4205 illum
398 4137 516 4205 nescio
529 4135 706 4226 quomodo
723 4159 746 4205 a
762 4159 800 4205 se
817 4157 1039 4205 summovere
1057 4147 1094 4205 et
1111 4160 1230 4208 arcere
