2738 4866
227 290 270 350 48
323 288 447 362 Poesin,
462 287 557 370 lapsis
570 286 745 362 doctioribus,
761 288 864 350 statim
878 288 1087 371 supervenisse.
1120 310 1270 350 anunm.

226 459 351 549 Atque
385 481 465 527 eum
502 460 651 527 dicimus
682 458 911 540 Lamachum,
939 460 1038 550 cujus
1067 459 1160 527 filius
1185 468 1272 528 natu

226 576 342 641 minor
370 575 531 663 princeps
566 585 641 642 erat
671 575 805 643 cithara
835 575 1006 642 canendi&
1016 597 1024 642 :
1062 597 1132 664 quo
1163 575 1274 642 credi-

154 781 156 783 ι
226 688 332 757 bilius
345 710 420 756 esse
438 688 610 767 videatur,
627 696 764 778 patrem
784 687 886 757 Poesi
906 689 1076 779 originem
1095 688 1243 757 dedisse.

277 803 486 891 Quanquam
519 811 622 870 erunt
652 803 809 883 fortasse,
841 804 899 892 qui
931 803 1093 871 carminis
1124 803 1273 893 vestigia

226 917 340 986 multo
358 927 442 985 ante
455 917 583 984 vidisse
601 940 637 985 se
655 927 805 1007 putent:
829 940 944 1007 neque
962 918 1056 986 enim
1074 940 1146 984 non
1159 918 1273 1007 poeti-

226 1056 307 1101 cum
326 1032 458 1121 aliquid
476 1054 599 1100 sonare
612 1033 727 1122 ipsum
746 1031 852 1099 divini
867 1030 891 1098 J
893 1031 1005 1099 udicis
1022 1032 1191 1112 edictum,
1202 1053 1271 1119 quo

227 1146 294 1215 Ille
311 1147 464 1237 primum
482 1148 655 1236 pravitate
673 1146 787 1237 lapsos
811 1142 1010 1237 corripuith.
1063 1144 1167 1227 Quod
1185 1168 1272 1236 pace

227 1261 376 1329 dixerim
404 1260 533 1328 summi
556 1260 650 1328 illius
676 1261 748 1340 viri,
768 1261 827 1350 qui
851 1260 966 1330 Sacrae
984 1260 1136 1328 Poeseos
1157 1261 1271 1330 fontes

226 1374 299 1441 dux
323 1380 360 1440 et
381 1384 505 1443 auctor
527 1375 628 1442 nobis
651 1375 808 1465 aperuit:
836 1398 941 1464 quem
966 1398 1037 1443 non
1060 1375 1104 1442 ad
1126 1397 1213 1454 area,
1232 1382 1271 1441 ut

226 1487 337 1568 aiunt,
364 1487 401 1554 in
430 1487 630 1578 hujusmodi
663 1511 700 1556 re
735 1490 871 1570 sectari,
903 1512 1001 1580 paene
1034 1489 1121 1557 mihi
1148 1489 1270 1580 religio

226 1609 291 1669 est.
343 1599 523 1669 Caeterum
540 1602 759 1697 sanctissima
776 1603 882 1672 verba
898 1604 1101 1672 audiamus:

294 1744 495 1814 Ἐπικατάρατος
507 1746 541 1800 σὺ
553 1745 603 1799 ἀπὸ
615 1748 717 1800 πάντων
728 1750 780 1800 τῶν
792 1751 895 1813 κτηνῶν,

296 1832 337 1884 καὶ
349 1831 400 1886 ἀπὸ
411 1833 513 1885 πάντων
525 1837 576 1885 τῶν
587 1832 682 1902 θηρίων
689 1837 740 1885 τῶν
753 1831 794 1884 ἐπὶ
806 1834 851 1899 τῆς
863 1834 918 1901 γῆς·

232 1951 238 1961 ·
296 1917 338 1969 ἐπὶ
350 1921 385 1989 τῷ
399 1915 489 1984 στήθει
501 1939 551 1971 σου
564 1918 605 1969 καὶ
617 1921 647 1984 τῇ
661 1917 746 1986 κοιλίη
758 1915 883 1986 πορεύσῃ,

295 2003 337 2055 καὶ
348 2005 396 2072 γῆν
408 2004 480 2072 mayn
492 2003 579 2058 πάσας
590 2003 635 2057 τὰς
647 2002 741 2072 ἡμέρας
752 2005 797 2070 τῆς
809 2004 873 2070 ζωῆς
885 2018 944 2055 σου·

296 2088 338 2139 καὶ
349 2088 445 2156 ἔχθραν
456 2088 529 2155 θήσω
541 2088 588 2140 ἀνὰ
599 2088 682 2156 μέσον
694 2092 743 2142 σοῦ
756 2089 796 2141 καὶ
809 2088 856 2141 ἀνὰ
867 2087 948 2156 μέσον
960 2090 1005 2155 τῆς
1015 2089 1141 2157 γυναικὸς,

297 2173 338 2225 καὶ
349 2173 397 2226 ἀνὰ
407 2174 490 2241 μέσον
501 2177 547 2226 τοῦ
559 2174 708 2243 σπέρματός
719 2196 769 2227 σου
778 2175 819 2226 καὶ
828 2173 875 2227 ἀνὰ
884 2164 966 2242 μέσον
974 2176 1020 2226 τοῦ
1030 2173 1178 2243 σπέρματος
1186 2174 1268 2239 αὐτῆς·

297 2259 373 2314 αὐτός
386 2281 435 2312 σου
447 2257 553 2327 τηρήσει
567 2259 692 2328 κεφαλήν,
1253 2246 1256 2251 ¹

296 2344 338 2396 καὶ
350 2344 385 2397 σὺ
396 2342 516 2412 τηρήσεις
527 2345 605 2398 αὐτοῦ
617 2345 736 2414 πτέρναν.

228 2488 377 2569 Deinde,
396 2513 563 2559 converso
581 2492 626 2558 ad
643 2490 823 2558 foeminam
841 2512 1011 2568 sermone,

297 2623 434 2692 πληθύνων
445 2625 566 2692 πληθυνῶ
578 2625 624 2680 τὰς
634 2623 719 2679 λύπας
731 2628 780 2678 σοῦ
793 2625 833 2676 καὶ
845 2625 890 2677 τὸν
903 2625 1047 2694 στεναγμόν
1058 2645 1117 2684 σου,

298 2711 325 2763 ε’ν
336 2710 429 2765 λύπαις
441 2709 501 2777 τέξῃ
514 2710 596 2772 τέκνα,

297 2797 338 2848 καὶ
350 2797 415 2865 πρὸς
426 2797 471 2847 τὸν
483 2795 562 2864 ἄνδρα
575 2817 625 2848 σον
637 2794 652 2862 ἡ
665 2794 822 2864 ἀποστροφή
835 2818 893 2855 σου,

297 2882 338 2933 καὶ
350 2882 427 2935 αὐτός
439 2903 489 2934 σου
502 2879 638 2948 κυριεύσει.

229 3033 412 3103 Postremo
431 3037 545 3103 virum
562 3036 677 3124 ipsum
695 3032 905 3122 alloquitur:

298 3176 480 3245 έπικατάρατος
492 3175 506 3243 ή
519 3180 552 3246 yn
565 3177 593 3229 ἐν
604 3179 658 3230 τοῖς
670 3177 756 3245 ἔργοις
768 3193 826 3229 σου·

298 3262 325 3315 ἐν
336 3262 430 3317 λύπαις
441 3264 514 3333 φαγῇ
527 3263 605 3330 αὐτὴν
616 3264 703 3317 πάσας
714 3263 759 3317 τὰς
771 3261 866 3331 ἡμέρας
877 3267 922 3321 τῆς
934 3266 997 3333 ζωῆς
1010 3281 1067 3318 σου·

298 3350 407 3405 ἀκάνθας
419 3349 460 3402 καὶ
472 3351 611 3418 τριβόλους
622 3348 739 3401 ἇνατελεῖ
752 3369 804 3411 σοι,

299 3436 341 3488 καὶ
352 3437 424 3505 φαγῇ
437 3437 482 3488 τὸν
493 3436 590 3504 χόρτον
601 3437 647 3486 τοῦ
659 3433 748 3502 ἀγροῦ·

299 3520 327 3572 έν
338 3519 425 3590 ἱδρῶτι
437 3522 483 3572 τοῦ
495 3519 637 3588 προσώπου
650 3538 700 3569 σου
713 3518 785 3586 mayn
798 3520 843 3570 τὸν
855 3517 933 3586 ἄρτον
945 3539 1003 3580 σου,

299 3605 346 3660 ἕως
356 3608 402 3658 τοῦ
413 3603 581 3673 ἀποστρέψαι
594 3623 626 3655 σε
639 3601 675 3656 εἰς
686 3601 732 3668 τὴν
743 3605 792 3672 γῆν
804 3602 833 3670 ἐξ
844 3601 873 3670 ής
885 3602 1010 3671 ἐλήφθης·

299 3689 338 3743 ὅτι
351 3685 424 3760 ysici,
687 3690 688 3695 ¹
714 3681 715 3684 Ἰ

299 3774 340 3827 καὶ
352 3775 388 3828 εἷς
399 3775 447 3843 γῆν
458 3770 597 3840 ἀπελεύση.

230 3914 405 3993 Profecto,
429 3911 465 3980 ni
492 3910 602 3994 fallor,
629 3911 750 3981 subest
778 3912 840 3993 his,
868 3914 1047 4012 obscurior
1071 3914 1164 3996 licet,
1187 3890 1275 3984 Poe:

230 4051 306 4098 seos
328 4049 448 4118 sapor:
475 4025 537 4095 sed
561 4048 635 4093 rem
659 4028 916 4095 committimus
933 4029 1113 4096 doctarum
1137 4030 1274 4098 aurium

404 4247 417 4285 ἕ
437 4241 504 4295 Gen.
517 4241 552 4295 iv.
568 4259 610 4295 21.
835 4241 850 4279 ¹¹
869 4242 937 4296 Gen.
950 4243 986 4295 iii.
1000 4259 1041 4308 14.
1053 4251 1102 4295 etc.
