2738 4866
156 315 254 380 rann.
266 336 310 379 vr.
369 313 550 380 caecator
563 314 753 400 qmmmdum
765 313 991 401 acceptionibus.
1163 317 1206 380 85

157 488 259 577 quasi
284 476 497 557 autumnum
522 510 615 557 anno
640 495 799 579 putasset
825 487 1079 571 eximendum
1106 487 1206 578 cujus

157 603 302 691 quidem
320 603 435 696 gratia
450 601 597 692 reliquae
614 611 732 694 partes
749 611 966 694 pararentur.

225 717 349 786 Genus
379 726 500 786 autem
531 718 671 787 dicendi
699 719 794 808 quod
825 719 966 799 attinet,
997 716 1208 808 paucissima

157 839 253 910 sunt,
271 854 349 921 quae
366 829 567 900 Homerum
584 855 656 900 non
674 833 833 922 sapiunt:
858 855 974 922 neque
991 855 1034 902 ea
1050 832 1206 903 crebrius

157 947 330 1015 extremis
353 947 390 1014 in
414 945 511 1015 libris
535 947 714 1037 (quoniam
736 947 780 1014 de
806 948 848 1015 iis
873 945 1073 1014 addubitari
1099 944 1205 1038 solet)

157 1084 266 1152 quam
300 1061 338 1129 in
371 1062 519 1145 caeteris,
553 1069 722 1152 usurpata
755 1061 915 1153 legimus.
981 1060 1206 1159 Intexuerint

157 1176 347 1268 aliquando
365 1200 429 1246 sua
442 1178 655 1246 recentiores
667 1200 676 1259 ;
697 1175 795 1245 nulla
808 1185 930 1245 tamen
942 1176 1057 1245 adhuc
1070 1177 1206 1246 ratione

158 1292 430 1374 convineuntur,
457 1314 630 1361 summam
665 1292 774 1360 divini
809 1292 972 1361 carminis
1001 1292 1206 1382 corrupisse,

158 1408 297 1499 integro
315 1407 434 1498 aliquo
450 1408 611 1477 membro
629 1408 778 1497 adjecto.

211 1523 342 1614 Neque
360 1547 444 1593 vero
466 1523 503 1592 id
521 1522 624 1592 valde
648 1545 778 1604 moror,
798 1524 894 1614 quod
916 1524 1122 1593 nonnemini
1139 1525 1209 1593 for-

158 1646 253 1709 tasse
269 1641 308 1708 in
330 1648 490 1709 mentem
506 1640 648 1708 veniet:
674 1639 808 1708 multos
829 1640 884 1708 his
901 1660 1041 1729 quoque
1067 1637 1208 1709 saeculis

158 1757 339 1847 prodiisse,
369 1758 430 1846 qui
460 1777 581 1824 versus
611 1755 695 1823 satis
726 1777 871 1824 canoros
902 1754 946 1822 ad
977 1753 1207 1823 Homericam

157 1894 319 1940 normam
332 1871 512 1962 potuerint
530 1892 752 1960 componere.
786 1870 890 1951 Quod
904 1878 945 1937 ut
963 1870 1206 1950 concesserim,

158 1986 327 2076 rhythmo
354 1994 459 2075 tenus
485 1994 523 2054 et
551 2009 647 2064 sono,
675 1984 804 2055 vellem
832 1993 952 2053 temen
979 1984 1208 2052 meminerint

158 2098 331 2181 homines,
350 2102 469 2169 seriori
492 2101 561 2169 ista
584 2102 680 2169 aetati
704 2123 908 2192 congruere,
925 2122 997 2167 non
1015 2097 1208 2167 Pisistratis

159 2222 198 2284 et
215 2215 406 2309 Lycurgis:
433 2239 583 2306 quorum
601 2217 820 2306 temporibus
836 2237 882 2283 ne
906 2216 1035 2305 scripta
1052 2215 1207 2303 quidem,

158 2330 227 2399 nisi
240 2354 426 2422 perpauca,
439 2331 601 2401 extitisse
618 2331 851 2412 credendum3
872 2330 999 2420 quibus
1012 2330 1208 2399 imitatores

158 2447 296 2517 seilicet
313 2456 565 2519 assuescerent.

210 2562 296 2632 “At
320 2564 427 2645 enim,
445 2562 557 2632 Iliade
573 2564 650 2654 jam
674 2563 850 2632 adfinem
874 2570 1094 2653 properante,
1119 2563 1210 2632 mira

158 2677 320 2769 quaedam
348 2680 401 2756 vis
427 2679 615 2748 verborum
646 2679 808 2757 occurrit,
833 2677 960 2768 quibus
985 2684 1092 2746 antea
1118 2701 1209 2746 nun-

158 2816 266 2884 quam
300 2816 384 2863 usus
416 2803 491 2862 erat
525 2793 704 2884 scriptor.”
766 2793 876 2875 Quasi
912 2815 994 2861 vero
1029 2814 1085 2860 res
1112 2793 1209 2881 prius

158 2908 336 2990 inauditae,
355 2908 484 2998 quibus
505 2908 628 2978 referti
652 2915 735 2978 sunt
758 2909 816 2976 isti
841 2908 931 2989 libri,
956 2908 1115 2976 inaudita
1137 2930 1209 2977 non

159 3024 362 3093 desiderent
379 3025 498 3094 rerba.

212 3139 318 3220 Quod
335 3147 456 3209 autern
473 3148 606 3233 negant
624 3141 761 3210 adrem
782 3140 959 3231 pertinere
976 3163 1054 3231 quae
1075 3141 1211 3215 addun-

160 3260 230 3336 tur,
245 3251 405 3324 Hectore
423 3256 560 3336 occiso;
579 3255 717 3325 duobus
734 3257 828 3325 enim
846 3254 944 3324 libris
961 3255 1050 3323 nihil
1067 3255 1209 3337 narrari,

158 3378 287 3460 praeter
320 3369 395 3460 ejus
430 3376 467 3438 et
497 3368 652 3439 Patrocli
686 3371 889 3463 exsequias:
925 3395 977 3455 ea,
1011 3371 1040 3440 si
1073 3379 1208 3462 potero,

158 3483 271 3552 fusius
289 3482 477 3574 aliquando
495 3507 682 3575 exponam.
718 3486 827 3555 Nunc
844 3474 985 3569 moneo,
997 3485 1209 3569 Homerum,

160 3598 336 3688 siquidem
360 3599 404 3667 de
435 3598 581 3669 consilio
610 3601 686 3692 ejus
712 3610 750 3670 et
777 3602 896 3671 indole
925 3625 990 3671 nos
1014 3625 1086 3671 non
1116 3600 1210 3671 male

159 3713 399 3803 conjecturam
424 3714 582 3797 fecimus,
604 3716 767 3787 debuisse
793 3719 937 3787 omnino
964 3720 1053 3788 serio
1079 3717 1211 3786 affectu

159 3830 324 3920 prosequi
342 3829 459 3900 luctus
476 3840 515 3900 et
532 3832 657 3901 funera
674 3833 847 3903 Heroum.

223 3943 399 4035 Denique,
438 3947 467 4015 si
505 3970 564 4017 me
606 3949 766 4029 audietis,
802 3947 1020 4029 Academici,
1063 3948 1211 4017 minime

159 4060 320 4129 omnium
348 4082 410 4128 vos
437 4063 597 4132 movebit
619 4063 745 4131 horum
770 4064 831 4154 qui
857 4086 952 4131 nunc
978 4071 1061 4132 sunt
1086 4073 1213 4134 acutu-
1256 4053 1257 4057 ¹

158 4173 276 4243 lorum
305 4174 490 4244 hominum
520 4178 685 4247 arcessita
715 4200 798 4247 sane
832 4188 869 4246 et
898 4177 1048 4246 nimium
1083 4177 1211 4248 callida

159 4290 271 4360 ratio:
303 4289 431 4382 quibus
458 4292 495 4360 in
524 4315 583 4362 ore
607 4315 745 4384 semper
772 4302 828 4363 est
851 4291 949 4376 illud,
975 4292 1113 4376 Saeculi,
1138 4315 1210 4362 non
