<?xml version="1.0" encoding="UTF-8"?>
<!DOCTYPE html PUBLIC "-//W3C//DTD XHTML 1.0 Transitional//EN"
    "http://www.w3.org/TR/xhtml1/DTD/xhtml1-transitional.dtd">
<html xmlns="http://www.w3.org/1999/xhtml" xml:lang="en" lang="en">
 <head>
  <title>
</title>
<meta http-equiv="Content-Type" content="text/html;charset=utf-8" />
  <meta name='ocr-system' content='tesseract 3.04.00' />
  <meta name='ocr-capabilities' content='ocr_page ocr_carea ocr_par ocr_line ocrx_word'/>
</head>
<body>
  <div class='ocr_page' id='page_1' title='image "./depoeticaevimed01keblgoog_0183.png"; bbox 0 0 2738 4866; ppageno 0'>
   <div class='ocr_carea' id='block_1_1' title="bbox 160 338 1204 425">
    <p class='ocr_par' dir='ltr' id='par_1_1' title="bbox 160 338 1204 425">
     <span class='ocr_line' id='line_1_1' title="bbox 160 338 1204 425; baseline -0.006 -21"><span class='ocrx_word' id='word_1_1' title='bbox 160 343 224 404; x_wconf 87' lang='lat'>180</span> <span class='ocrx_word' id='word_1_2' title='bbox 326 341 375 403; x_wconf 79' lang='lat' dir='ltr'>Do</span> <span class='ocrx_word' id='word_1_3' title='bbox 387 361 475 425; x_wconf 81' lang='grc' dir='ltr'>ιριοα</span> <span class='ocrx_word' id='word_1_4' title='bbox 489 339 705 424; x_wconf 71' lang='grc' dir='ltr'>Νρσορίιαιυια</span> <span class='ocrx_word' id='word_1_5' title='bbox 720 340 754 402; x_wconf 72' lang='grc' dir='ltr'>θα</span> <span class='ocrx_word' id='word_1_6' title='bbox 768 339 886 403; x_wconf 72' lang='lat' dir='ltr'>Ithaca</span> <span class='ocrx_word' id='word_1_7' title='bbox 900 338 1009 405; x_wconf 64' lang='lat' dir='ltr'>liuore.</span> <span class='ocrx_word' id='word_1_8' title='bbox 1055 359 1149 400; x_wconf 75' lang='lat' dir='ltr'>rann.</span> <span class='ocrx_word' id='word_1_9' title='bbox 1165 359 1204 400; x_wconf 85' lang='lat' dir='ltr'>xr.</span> 
     </span>
    </p>
   </div>
   <div class='ocr_carea' id='block_1_2' title="bbox 159 509 1266 988">
    <p class='ocr_par' dir='ltr' id='par_1_2' title="bbox 159 509 1266 988">
     <span class='ocr_line' id='line_1_2' title="bbox 159 509 1266 604; baseline 0.001 -26"><span class='ocrx_word' id='word_1_10' title='bbox 159 511 314 601; x_wconf 89' lang='lat' dir='ltr'>inquam,</span> <span class='ocrx_word' id='word_1_11' title='bbox 333 509 411 581; x_wconf 87' lang='lat' dir='ltr'>Dea</span> <span class='ocrx_word' id='word_1_12' title='bbox 428 514 547 581; x_wconf 85' lang='lat' dir='ltr'>velum</span> <span class='ocrx_word' id='word_1_13' title='bbox 564 512 687 604; x_wconf 87' lang='lat' dir='ltr'>aperit,</span> <span class='ocrx_word' id='word_1_14' title='bbox 705 523 743 581; x_wconf 89' lang='lat' dir='ltr'>et</span> <span class='ocrx_word' id='word_1_15' title='bbox 759 512 880 604; x_wconf 80' lang='lat' dir='ltr'><strong>digitis</strong></span> <span class='ocrx_word' id='word_1_16' title='bbox 897 511 1021 580; x_wconf 84' lang='lat' dir='ltr'><strong>ordine</strong></span> <span class='ocrx_word' id='word_1_17' title='bbox 1034 519 1204 580; x_wconf 88' lang='lat' dir='ltr'>monstrat</span> <span class='ocrx_word' id='word_1_18' title='bbox 1264 591 1266 597; x_wconf 12' lang='grc' dir='ltr'><em>Α</em></span> 
     </span>
     <span class='ocr_line' id='line_1_3' title="bbox 159 626 317 696; baseline 0.013 -2"><span class='ocrx_word' id='word_1_19' title='bbox 159 626 317 696; x_wconf 70' lang='lat' dir='ltr'>omniaq:</span> 
     </span>
     <span class='ocr_line' id='line_1_4' title="bbox 297 744 976 816; baseline 0.007 -17"><span class='ocrx_word' id='word_1_20' title='bbox 297 745 356 799; x_wconf 87' lang='grc' dir='ltr'>ἀλλ’</span> <span class='ocrx_word' id='word_1_21' title='bbox 370 745 417 816; x_wconf 73' lang='grc' dir='ltr'>ὅγε</span> <span class='ocrx_word' id='word_1_22' title='bbox 428 767 468 800; x_wconf 92' lang='grc' dir='ltr'>τοι</span> <span class='ocrx_word' id='word_1_23' title='bbox 480 746 556 813; x_wconf 82' lang='grc' dir='ltr'>δείξω</span> <span class='ocrx_word' id='word_1_24' title='bbox 567 744 668 814; x_wconf 78' lang='grc' dir='ltr'>Ἰθάκης</span> <span class='ocrx_word' id='word_1_25' title='bbox 680 746 746 809; x_wconf 76' lang='grc' dir='ltr'>ἕδος,</span> <span class='ocrx_word' id='word_1_26' title='bbox 760 744 832 816; x_wconf 85' lang='grc' dir='ltr'>όφρα</span> <span class='ocrx_word' id='word_1_27' title='bbox 842 745 976 815; x_wconf 70' lang='grc' dir='ltr'>πεποίθης·</span> 
     </span>
     <span class='ocr_line' id='line_1_5' title="bbox 299 830 944 903; baseline 0.006 -18"><span class='ocrx_word' id='word_1_28' title='bbox 299 831 427 901; x_wconf 70' lang='grc' dir='ltr'>Φορκίνος</span> <span class='ocrx_word' id='word_1_29' title='bbox 438 833 487 902; x_wconf 71' lang='grc' dir='ltr'>μὲν</span> <span class='ocrx_word' id='word_1_30' title='bbox 497 830 535 885; x_wconf 78' lang='grc' dir='ltr'>ὅδ’</span> <span class='ocrx_word' id='word_1_31' title='bbox 548 832 607 887; x_wconf 78' lang='grc' dir='ltr'>ἐστὶ</span> <span class='ocrx_word' id='word_1_32' title='bbox 618 832 704 901; x_wconf 76' lang='grc' dir='ltr'>λιμὴν,</span> <span class='ocrx_word' id='word_1_33' title='bbox 717 832 802 886; x_wconf 81' lang='grc' dir='ltr'>ἁλίοιο</span> <span class='ocrx_word' id='word_1_34' title='bbox 813 832 944 903; x_wconf 80' lang='grc' dir='ltr'>γέροντος·</span> 
     </span>
     <span class='ocr_line' id='line_1_6' title="bbox 297 916 926 988; baseline 0 -17"><span class='ocrx_word' id='word_1_35' title='bbox 297 917 342 986; x_wconf 64' lang='grc' dir='ltr'>ἥδε</span> <span class='ocrx_word' id='word_1_36' title='bbox 354 916 376 971; x_wconf 79' lang='grc' dir='ltr'>δ</span> <span class='ocrx_word' id='word_1_37' title='bbox 390 918 433 972; x_wconf 82' lang='grc' dir='ltr'>ε’πί</span> <span class='ocrx_word' id='word_1_38' title='bbox 445 919 538 988; x_wconf 85' lang='grc' dir='ltr'>κρατὸς</span> <span class='ocrx_word' id='word_1_39' title='bbox 548 917 652 987; x_wconf 74' lang='grc' dir='ltr'>λιμένος</span> <span class='ocrx_word' id='word_1_40' title='bbox 664 916 832 988; x_wconf 76' lang='grc' dir='ltr'>τανύφυλλος</span> <span class='ocrx_word' id='word_1_41' title='bbox 844 918 926 986; x_wconf 75' lang='grc' dir='ltr'>ε’λαίη·</span> 
     </span>
    </p>
   </div>
   <div class='ocr_carea' id='block_1_3' title="bbox 296 1001 1043 2023">
    <p class='ocr_par' dir='ltr' id='par_1_3' title="bbox 296 1001 1031 1419">
     <span class='ocr_line' id='line_1_7' title="bbox 297 1001 916 1074; baseline 0.005 -18"><span class='ocrx_word' id='word_1_42' title='bbox 297 1001 425 1074; x_wconf 75' lang='grc' dir='ltr'>ἀγχοθιδ</span> <span class='ocrx_word' id='word_1_43' title='bbox 438 1003 514 1072; x_wconf 60' lang='lat' dir='ltr'>cirins</span> <span class='ocrx_word' id='word_1_44' title='bbox 527 1002 620 1074; x_wconf 73' lang='grc' dir='ltr'>ἄντρον</span> <span class='ocrx_word' id='word_1_45' title='bbox 632 1001 767 1073; x_wconf 72' lang='grc' dir='ltr'>ἐπήρατον,</span> <span class='ocrx_word' id='word_1_46' title='bbox 780 1001 916 1073; x_wconf 74' lang='grc' dir='ltr'>ἠεροειδὲς,</span> 
     </span>
     <span class='ocr_line' id='line_1_8' title="bbox 297 1088 820 1160; baseline 0.004 -18"><span class='ocrx_word' id='word_1_47' title='bbox 297 1088 354 1158; x_wconf 84' lang='grc' dir='ltr'>ἰ’ρον</span> <span class='ocrx_word' id='word_1_48' title='bbox 366 1089 509 1160; x_wconf 78' lang='grc' dir='ltr'>Νυμφάων,</span> <span class='ocrx_word' id='word_1_49' title='bbox 518 1091 545 1143; x_wconf 78' lang='lat' dir='ltr'>ni</span> <span class='ocrx_word' id='word_1_50' title='bbox 557 1089 667 1158; x_wconf 70' lang='grc' dir='ltr'>Νηίαδες</span> <span class='ocrx_word' id='word_1_51' title='bbox 679 1090 820 1144; x_wconf 81' lang='grc' dir='ltr'>καλέονται·</span> 
     </span>
     <span class='ocr_line' id='line_1_9' title="bbox 296 1174 1031 1247; baseline 0 -17"><span class='ocrx_word' id='word_1_52' title='bbox 296 1179 373 1230; x_wconf 77' lang='grc' dir='ltr'>τοῦτο</span> <span class='ocrx_word' id='word_1_53' title='bbox 385 1175 416 1229; x_wconf 78' lang='grc' dir='ltr'>δέ</span> <span class='ocrx_word' id='word_1_54' title='bbox 425 1198 466 1230; x_wconf 89' lang='grc' dir='ltr'>τοι</span> <span class='ocrx_word' id='word_1_55' title='bbox 478 1175 561 1232; x_wconf 82' lang='grc' dir='ltr'>σπίος</span> <span class='ocrx_word' id='word_1_56' title='bbox 572 1176 630 1230; x_wconf 80' lang='grc' dir='ltr'>ε’στὶ</span> <span class='ocrx_word' id='word_1_57' title='bbox 642 1174 793 1247; x_wconf 80' lang='grc' dir='ltr'>κατήρεφες,</span> <span class='ocrx_word' id='word_1_58' title='bbox 806 1176 867 1230; x_wconf 73' lang='grc' dir='ltr'>ἔνθα</span> <span class='ocrx_word' id='word_1_59' title='bbox 879 1175 914 1230; x_wconf 81' lang='grc' dir='ltr'>σὺ</span> <span class='ocrx_word' id='word_1_60' title='bbox 925 1177 1031 1230; x_wconf 83' lang='grc' dir='ltr'>πολλὰς</span> 
     </span>
     <span class='ocr_line' id='line_1_10' title="bbox 297 1260 880 1332; baseline 0.005 -17"><span class='ocrx_word' id='word_1_61' title='bbox 297 1262 419 1332; x_wconf 81' lang='grc' dir='ltr'>ίρδεσκες</span> <span class='ocrx_word' id='word_1_62' title='bbox 431 1260 560 1332; x_wconf 78' lang='grc' dir='ltr'>Νύμφῃσι</span> <span class='ocrx_word' id='word_1_63' title='bbox 571 1261 717 1330; x_wconf 77' lang='grc' dir='ltr'>τεληέσσας</span> <span class='ocrx_word' id='word_1_64' title='bbox 729 1264 880 1330; x_wconf 74' lang='grc' dir='ltr'>ἑκατόμβας·</span> 
     </span>
     <span class='ocr_line' id='line_1_11' title="bbox 297 1346 957 1419; baseline -0.003 -15"><span class='ocrx_word' id='word_1_65' title='bbox 297 1352 374 1404; x_wconf 83' lang='grc' dir='ltr'>τοῦτο</span> <span class='ocrx_word' id='word_1_66' title='bbox 387 1349 416 1402; x_wconf 78' lang='grc' dir='ltr'>δὲ</span> <span class='ocrx_word' id='word_1_67' title='bbox 428 1347 547 1419; x_wconf 74' lang='grc' dir='ltr'>Νὴρυτόν</span> <span class='ocrx_word' id='word_1_68' title='bbox 560 1348 639 1413; x_wconf 84' lang='grc' dir='ltr'>ε’στιν,</span> <span class='ocrx_word' id='word_1_69' title='bbox 652 1347 713 1419; x_wconf 83' lang='grc' dir='ltr'>ὅρος</span> <span class='ocrx_word' id='word_1_70' title='bbox 724 1349 887 1417; x_wconf 90' lang='grc' dir='ltr'>καταείμενον</span> <span class='ocrx_word' id='word_1_71' title='bbox 898 1346 957 1416; x_wconf 66' lang='lat' dir='ltr'>lilla·</span> 
     </span>
    </p>

    <p class='ocr_par' dir='ltr' id='par_1_4' title="bbox 296 1433 1043 2023">
     <span class='ocr_line' id='line_1_12' title="bbox 333 1433 993 1506; baseline -0.003 -16"><span class='ocrx_word' id='word_1_72' title='bbox 333 1437 367 1492; x_wconf 78' lang='grc' dir='ltr'>ὣς</span> <span class='ocrx_word' id='word_1_73' title='bbox 379 1434 489 1490; x_wconf 80' lang='grc' dir='ltr'>είπουσα</span> <span class='ocrx_word' id='word_1_74' title='bbox 501 1436 546 1490; x_wconf 79' lang='grc' dir='ltr'>θέα</span> <span class='ocrx_word' id='word_1_75' title='bbox 559 1435 666 1490; x_wconf 80' lang='grc' dir='ltr'>σκέδασ’</span> <span class='ocrx_word' id='word_1_76' title='bbox 680 1434 750 1506; x_wconf 81' lang='grc' dir='ltr'>ἢίρα·</span> <span class='ocrx_word' id='word_1_77' title='bbox 770 1433 860 1491; x_wconf 87' lang='grc' dir='ltr'>ε’ίσατο</span> <span class='ocrx_word' id='word_1_78' title='bbox 872 1435 901 1488; x_wconf 83' lang='grc' dir='ltr'>δὲ</span> <span class='ocrx_word' id='word_1_79' title='bbox 912 1434 993 1504; x_wconf 78' lang='grc' dir='ltr'>χθών·</span> 
     </span>
     <span class='ocr_line' id='line_1_13' title="bbox 297 1520 978 1593; baseline 0.003 -17"><span class='ocrx_word' id='word_1_80' title='bbox 297 1520 412 1592; x_wconf 73' lang='grc' dir='ltr'>γήθησεν</span> <span class='ocrx_word' id='word_1_81' title='bbox 424 1520 446 1575; x_wconf 78' lang='grc' dir='ltr'>δ’</span> <span class='ocrx_word' id='word_1_82' title='bbox 459 1521 499 1593; x_wconf 82' lang='grc' dir='ltr'>ἀρ’</span> <span class='ocrx_word' id='word_1_83' title='bbox 512 1524 601 1577; x_wconf 80' lang='grc' dir='ltr'>ἔπειτα</span> <span class='ocrx_word' id='word_1_84' title='bbox 611 1521 746 1578; x_wconf 75' lang='grc' dir='ltr'>πολύτλας</span> <span class='ocrx_word' id='word_1_85' title='bbox 757 1523 812 1578; x_wconf 73' lang='grc' dir='ltr'>δῖος</span> <span class='ocrx_word' id='word_1_86' title='bbox 821 1521 978 1584; x_wconf 75' lang='grc' dir='ltr'>Ὀδυσσεὺς,</span> 
     </span>
     <span class='ocr_line' id='line_1_14' title="bbox 297 1603 893 1680; baseline 0 -19"><span class='ocrx_word' id='word_1_87' title='bbox 297 1608 395 1678; x_wconf 87' lang='grc' dir='ltr'>χαίρων</span> <span class='ocrx_word' id='word_1_88' title='bbox 406 1603 424 1676; x_wconf 77' lang='grc' dir='ltr'><em>ᾖ</em></span> <span class='ocrx_word' id='word_1_89' title='bbox 434 1608 504 1680; x_wconf 80' lang='grc' dir='ltr'>γαίῃ·</span> <span class='ocrx_word' id='word_1_90' title='bbox 523 1607 587 1663; x_wconf 89' lang='grc' dir='ltr'>κύσε</span> <span class='ocrx_word' id='word_1_91' title='bbox 599 1608 628 1661; x_wconf 71' lang='grc' dir='ltr'>δὲ</span> <span class='ocrx_word' id='word_1_92' title='bbox 641 1608 761 1679; x_wconf 79' lang='grc' dir='ltr'>ζείδωρον</span> <span class='ocrx_word' id='word_1_93' title='bbox 772 1608 893 1679; x_wconf 75' lang='grc' dir='ltr'>ἄρουραν.</span> 
     </span>
     <span class='ocr_line' id='line_1_15' title="bbox 296 1691 931 1765; baseline 0 -18"><span class='ocrx_word' id='word_1_94' title='bbox 296 1697 386 1747; x_wconf 77' lang='grc' dir='ltr'>αὔτικα</span> <span class='ocrx_word' id='word_1_95' title='bbox 398 1694 426 1748; x_wconf 73' lang='grc' dir='ltr'>δὲ</span> <span class='ocrx_word' id='word_1_96' title='bbox 439 1692 552 1765; x_wconf 80' lang='grc' dir='ltr'>Νύμφῃς</span> <span class='ocrx_word' id='word_1_97' title='bbox 563 1691 688 1764; x_wconf 72' lang='grc' dir='ltr'>ἦρήσατο,</span> <span class='ocrx_word' id='word_1_98' title='bbox 700 1697 789 1764; x_wconf 85' lang='grc' dir='ltr'>χεῖρας</span> <span class='ocrx_word' id='word_1_99' title='bbox 800 1694 931 1764; x_wconf 87' lang='grc' dir='ltr'>ἀνάσχων·</span> 
     </span>
     <span class='ocr_line' id='line_1_16' title="bbox 299 1776 919 1852; baseline 0 -20"><span class='ocrx_word' id='word_1_100' title='bbox 299 1779 408 1851; x_wconf 84' lang='grc' dir='ltr'>Νύμφαι</span> <span class='ocrx_word' id='word_1_101' title='bbox 421 1781 539 1849; x_wconf 80' lang='grc' dir='ltr'>Νηΐάδες,</span> <span class='ocrx_word' id='word_1_102' title='bbox 552 1784 641 1852; x_wconf 83' lang='grc' dir='ltr'>κοῦραι</span> <span class='ocrx_word' id='word_1_103' title='bbox 653 1782 724 1843; x_wconf 85' lang='grc' dir='ltr'>Διὸς,</span> <span class='ocrx_word' id='word_1_104' title='bbox 737 1779 823 1834; x_wconf 75' lang='grc' dir='ltr'>οὔποτ’</span> <span class='ocrx_word' id='word_1_105' title='bbox 835 1776 919 1850; x_wconf 71' lang='grc' dir='ltr'>ἔγωγε</span> 
     </span>
     <span class='ocr_line' id='line_1_17' title="bbox 298 1864 979 1938; baseline 0 -18"><span class='ocrx_word' id='word_1_106' title='bbox 298 1865 395 1936; x_wconf 62' lang='grc' dir='ltr'>ύφεσθ</span> <span class='ocrx_word' id='word_1_107' title='bbox 407 1865 467 1935; x_wconf 75' lang='grc' dir='ltr'>ὔμμ’</span> <span class='ocrx_word' id='word_1_108' title='bbox 481 1867 591 1938; x_wconf 83' lang='grc' dir='ltr'>ε’φάμην·</span> <span class='ocrx_word' id='word_1_109' title='bbox 610 1865 689 1921; x_wconf 78' lang='grc' dir='ltr'>νῦνδ</span> <span class='ocrx_word' id='word_1_110' title='bbox 703 1864 835 1936; x_wconf 73' lang='grc' dir='ltr'>εύχωλῆσ’</span> <span class='ocrx_word' id='word_1_111' title='bbox 849 1865 979 1936; x_wconf 75' lang='grc' dir='ltr'>ἀγανῇσιν</span> 
     </span>
     <span class='ocr_line' id='line_1_18' title="bbox 296 1951 1043 2023; baseline -0.003 -17"><span class='ocrx_word' id='word_1_112' title='bbox 296 1951 403 2023; x_wconf 87' lang='grc' dir='ltr'>χαίρετ’·</span> <span class='ocrx_word' id='word_1_113' title='bbox 423 1952 488 2022; x_wconf 78' lang='grc' dir='ltr'>ἀτάρ</span> <span class='ocrx_word' id='word_1_114' title='bbox 500 1953 541 2006; x_wconf 80' lang='grc' dir='ltr'>καὶ</span> <span class='ocrx_word' id='word_1_115' title='bbox 554 1953 623 2023; x_wconf 90' lang='grc' dir='ltr'>δῶρα</span> <span class='ocrx_word' id='word_1_116' title='bbox 636 1953 788 2022; x_wconf 84' lang='grc' dir='ltr'>διδώσομεν,</span> <span class='ocrx_word' id='word_1_117' title='bbox 801 1952 836 2007; x_wconf 84' lang='grc' dir='ltr'>ὡς</span> <span class='ocrx_word' id='word_1_118' title='bbox 846 1953 877 2006; x_wconf 84' lang='grc' dir='ltr'>τὸ</span> <span class='ocrx_word' id='word_1_119' title='bbox 888 1951 972 2021; x_wconf 87' lang='grc' dir='ltr'>πάρος</span> <span class='ocrx_word' id='word_1_120' title='bbox 983 1973 1043 2022; x_wconf 88' lang='grc' dir='ltr'>περ.</span> 
     </span>
    </p>
   </div>
   <div class='ocr_carea' id='block_1_4' title="bbox 156 2072 1203 4010">
    <p class='ocr_par' dir='ltr' id='par_1_5' title="bbox 156 2072 1203 3440">
     <span class='ocr_line' id='line_1_19' title="bbox 157 2072 1201 2168; baseline -0.001 -26"><span class='ocrx_word' id='word_1_121' title='bbox 157 2072 398 2144; x_wconf 77' lang='lat' dir='ltr'>Luculentum</span> <span class='ocrx_word' id='word_1_122' title='bbox 416 2097 500 2144; x_wconf 87' lang='lat' dir='ltr'>sane</span> <span class='ocrx_word' id='word_1_123' title='bbox 517 2075 667 2165; x_wconf 87' lang='lat' dir='ltr'>picturae</span> <span class='ocrx_word' id='word_1_124' title='bbox 684 2097 815 2168; x_wconf 84' lang='lat' dir='ltr'>genus:</span> <span class='ocrx_word' id='word_1_125' title='bbox 843 2075 900 2143; x_wconf 88' lang='lat' dir='ltr'>cui</span> <span class='ocrx_word' id='word_1_126' title='bbox 921 2083 1045 2144; x_wconf 88' lang='lat' dir='ltr'>tamen</span> <span class='ocrx_word' id='word_1_127' title='bbox 1066 2073 1201 2142; x_wconf 83' lang='lat' dir='ltr'>officere</span> 
     </span>
     <span class='ocr_line' id='line_1_20' title="bbox 156 2188 1200 2282; baseline -0.003 -23"><span class='ocrx_word' id='word_1_128' title='bbox 156 2196 285 2281; x_wconf 88' lang='lat' dir='ltr'>putant</span> <span class='ocrx_word' id='word_1_129' title='bbox 315 2190 487 2274; x_wconf 91' lang='lat' dir='ltr'>nonnulli,</span> <span class='ocrx_word' id='word_1_130' title='bbox 513 2192 606 2282; x_wconf 93' lang='lat' dir='ltr'>quod</span> <span class='ocrx_word' id='word_1_131' title='bbox 637 2190 692 2260; x_wconf 87' lang='lat' dir='ltr'>bis</span> <span class='ocrx_word' id='word_1_132' title='bbox 719 2190 869 2260; x_wconf 85' lang='lat' dir='ltr'>eandem</span> <span class='ocrx_word' id='word_1_133' title='bbox 896 2189 1106 2281; x_wconf 82' lang='lat' dir='ltr'>speluncam</span> <span class='ocrx_word' id='word_1_134' title='bbox 1141 2188 1200 2277; x_wconf 84' lang='lat' dir='ltr'>(ita</span> 
     </span>
     <span class='ocr_line' id='line_1_21' title="bbox 156 2303 1203 2402; baseline 0.003 -28"><span class='ocrx_word' id='word_1_135' title='bbox 156 2307 252 2375; x_wconf 90' lang='lat' dir='ltr'>enim</span> <span class='ocrx_word' id='word_1_136' title='bbox 270 2308 562 2399; x_wconf 74' lang='lat' dir='ltr'>interpretantur)</span> <span class='ocrx_word' id='word_1_137' title='bbox 583 2308 745 2377; x_wconf 85' lang='lat' dir='ltr'>nominat</span> <span class='ocrx_word' id='word_1_138' title='bbox 763 2306 894 2377; x_wconf 87' lang='lat' dir='ltr'>Poeta:</span> <span class='ocrx_word' id='word_1_139' title='bbox 913 2303 1042 2402; x_wconf 77' lang='grc' dir='ltr'>ἅγχοθι</span> <span class='ocrx_word' id='word_1_140' title='bbox 1061 2305 1088 2375; x_wconf 80' lang='grc' dir='ltr'>δ</span> <span class='ocrx_word' id='word_1_141' title='bbox 1108 2306 1203 2384; x_wconf 70' lang='grc' dir='ltr'>αὐτῆς</span> 
     </span>
     <span class='ocr_line' id='line_1_22' title="bbox 157 2417 1201 2517; baseline -0.002 -28"><span class='ocrx_word' id='word_1_142' title='bbox 157 2419 279 2517; x_wconf 77' lang='grc' dir='ltr'>ἄντρον</span> <span class='ocrx_word' id='word_1_143' title='bbox 308 2423 485 2516; x_wconf 78' lang='grc' dir='ltr'>ἐπήρατον,</span> <span class='ocrx_word' id='word_1_144' title='bbox 516 2431 554 2490; x_wconf 79' lang='lat' dir='ltr'>et</span> <span class='ocrx_word' id='word_1_145' title='bbox 588 2431 679 2513; x_wconf 78' lang='lat' dir='ltr'>post,</span> <span class='ocrx_word' id='word_1_146' title='bbox 709 2427 814 2492; x_wconf 83' lang='grc' dir='ltr'>τοῦτο</span> <span class='ocrx_word' id='word_1_147' title='bbox 845 2419 880 2490; x_wconf 81' lang='grc' dir='ltr'>δέ</span> <span class='ocrx_word' id='word_1_148' title='bbox 912 2451 966 2490; x_wconf 89' lang='grc' dir='ltr'>τοι</span> <span class='ocrx_word' id='word_1_149' title='bbox 1001 2421 1106 2496; x_wconf 78' lang='grc' dir='ltr'>σπέος</span> <span class='ocrx_word' id='word_1_150' title='bbox 1133 2417 1201 2489; x_wconf 79' lang='grc' dir='ltr'>ἐστί</span> 
     </span>
     <span class='ocr_line' id='line_1_23' title="bbox 156 2513 1201 2632; baseline -0.001 -28"><span class='ocrx_word' id='word_1_151' title='bbox 156 2535 348 2632; x_wconf 80' lang='grc' dir='ltr'>κατηρεφές.</span> <span class='ocrx_word' id='word_1_152' title='bbox 400 2536 493 2604; x_wconf 87' lang='lat' dir='ltr'>Rem</span> <span class='ocrx_word' id='word_1_153' title='bbox 511 2536 688 2605; x_wconf 85' lang='lat' dir='ltr'>inutiliter</span> <span class='ocrx_word' id='word_1_154' title='bbox 702 2538 815 2627; x_wconf 87' lang='lat' dir='ltr'>repeti</span> <span class='ocrx_word' id='word_1_155' title='bbox 839 2513 1081 2606; x_wconf 83' lang='lat' dir='ltr'>criminantur.</span> <span class='ocrx_word' id='word_1_156' title='bbox 1135 2533 1201 2604; x_wconf 85' lang='lat' dir='ltr'>Sed</span> 
     </span>
     <span class='ocr_line' id='line_1_24' title="bbox 157 2651 1203 2743; baseline -0.002 -23"><span class='ocrx_word' id='word_1_157' title='bbox 157 2675 282 2721; x_wconf 80' lang='lat' dir='ltr'>vereor</span> <span class='ocrx_word' id='word_1_158' title='bbox 296 2676 341 2722; x_wconf 89' lang='lat' dir='ltr'>an</span> <span class='ocrx_word' id='word_1_159' title='bbox 354 2676 424 2722; x_wconf 92' lang='lat' dir='ltr'>non</span> <span class='ocrx_word' id='word_1_160' title='bbox 439 2654 523 2722; x_wconf 86' lang='lat' dir='ltr'>satis</span> <span class='ocrx_word' id='word_1_161' title='bbox 539 2651 781 2721; x_wconf 87' lang='lat' dir='ltr'>intellexerint</span> <span class='ocrx_word' id='word_1_162' title='bbox 799 2654 882 2743; x_wconf 92' lang='lat' dir='ltr'>quid</span> <span class='ocrx_word' id='word_1_163' title='bbox 901 2653 968 2722; x_wconf 88' lang='lat' dir='ltr'>sibi</span> <span class='ocrx_word' id='word_1_164' title='bbox 981 2651 1136 2722; x_wconf 84' lang='lat' dir='ltr'>voluerit</span> <span class='ocrx_word' id='word_1_165' title='bbox 1148 2651 1203 2718; x_wconf 90' lang='lat' dir='ltr'>hic</span> 
     </span>
     <span class='ocr_line' id='line_1_25' title="bbox 157 2766 1202 2849; baseline -0.003 -12"><span class='ocrx_word' id='word_1_166' title='bbox 157 2769 226 2838; x_wconf 84' lang='lat' dir='ltr'>loei</span> <span class='ocrx_word' id='word_1_167' title='bbox 244 2768 434 2839; x_wconf 80' lang='lat' dir='ltr'>Homerus.</span> <span class='ocrx_word' id='word_1_168' title='bbox 478 2767 575 2837; x_wconf 85' lang='lat' dir='ltr'>Nam</span> <span class='ocrx_word' id='word_1_169' title='bbox 593 2766 664 2848; x_wconf 87' lang='lat' dir='ltr'>ille,</span> <span class='ocrx_word' id='word_1_170' title='bbox 682 2777 723 2836; x_wconf 88' lang='lat' dir='ltr'>ut</span> <span class='ocrx_word' id='word_1_171' title='bbox 740 2769 890 2849; x_wconf 78' lang='lat' dir='ltr'>videtur,</span> <span class='ocrx_word' id='word_1_172' title='bbox 909 2770 983 2837; x_wconf 87' lang='lat' dir='ltr'>sive</span> <span class='ocrx_word' id='word_1_173' title='bbox 999 2769 1202 2837; x_wconf 86' lang='lat' dir='ltr'>recordatus</span> 
     </span>
     <span class='ocr_line' id='line_1_26' title="bbox 157 2882 1200 2974; baseline -0.002 -21"><span class='ocrx_word' id='word_1_174' title='bbox 157 2893 212 2954; x_wconf 89' lang='lat' dir='ltr'>est</span> <span class='ocrx_word' id='word_1_175' title='bbox 229 2885 302 2954; x_wconf 91' lang='lat' dir='ltr'>sive</span> <span class='ocrx_word' id='word_1_176' title='bbox 321 2884 386 2954; x_wconf 87' lang='lat' dir='ltr'>sibi</span> <span class='ocrx_word' id='word_1_177' title='bbox 404 2884 510 2952; x_wconf 88' lang='lat' dir='ltr'>finxit</span> <span class='ocrx_word' id='word_1_178' title='bbox 534 2882 708 2974; x_wconf 91' lang='lat' dir='ltr'>ejusmodi</span> <span class='ocrx_word' id='word_1_179' title='bbox 734 2883 846 2965; x_wconf 90' lang='lat' dir='ltr'>littus,</span> <span class='ocrx_word' id='word_1_180' title='bbox 873 2884 911 2951; x_wconf 93' lang='lat' dir='ltr'>in</span> <span class='ocrx_word' id='word_1_181' title='bbox 936 2906 1006 2973; x_wconf 90' lang='lat' dir='ltr'>quo</span> <span class='ocrx_word' id='word_1_182' title='bbox 1034 2885 1112 2953; x_wconf 87' lang='lat' dir='ltr'>cavi</span> <span class='ocrx_word' id='word_1_183' title='bbox 1136 2885 1200 2952; x_wconf 89' lang='lat' dir='ltr'>dno</span> 
     </span>
     <span class='ocr_line' id='line_1_27' title="bbox 158 2999 1199 3090; baseline -0.004 -21"><span class='ocrx_word' id='word_1_184' title='bbox 158 3001 228 3069; x_wconf 88' lang='lat' dir='ltr'>sint</span> <span class='ocrx_word' id='word_1_185' title='bbox 257 3000 455 3070; x_wconf 86' lang='lat' dir='ltr'>anfractus:</span> <span class='ocrx_word' id='word_1_186' title='bbox 501 3022 651 3090; x_wconf 90' lang='lat' dir='ltr'>quorum</span> <span class='ocrx_word' id='word_1_187' title='bbox 686 2999 776 3068; x_wconf 90' lang='lat' dir='ltr'>alter</span> <span class='ocrx_word' id='word_1_188' title='bbox 803 2999 914 3068; x_wconf 87' lang='lat' dir='ltr'>altero</span> <span class='ocrx_word' id='word_1_189' title='bbox 944 2999 1128 3068; x_wconf 84' lang='lat' dir='ltr'>obscurior</span> <span class='ocrx_word' id='word_1_190' title='bbox 1159 3000 1199 3067; x_wconf 90' lang='lat' dir='ltr'>sit</span> 
     </span>
     <span class='ocr_line' id='line_1_28' title="bbox 157 3109 1200 3207; baseline -0.003 -23"><span class='ocrx_word' id='word_1_191' title='bbox 157 3124 264 3206; x_wconf 84' lang='lat' dir='ltr'>atque</span> <span class='ocrx_word' id='word_1_192' title='bbox 294 3116 449 3197; x_wconf 90' lang='lat' dir='ltr'>interior,</span> <span class='ocrx_word' id='word_1_193' title='bbox 480 3125 517 3184; x_wconf 87' lang='lat' dir='ltr'>et</span> <span class='ocrx_word' id='word_1_194' title='bbox 547 3117 721 3185; x_wconf 89' lang='lat' dir='ltr'>sanctiore</span> <span class='ocrx_word' id='word_1_195' title='bbox 751 3115 903 3206; x_wconf 89' lang='lat' dir='ltr'>quadam</span> <span class='ocrx_word' id='word_1_196' title='bbox 933 3109 1105 3207; x_wconf 81' lang='lat' dir='ltr'>religicne</span> <span class='ocrx_word' id='word_1_197' title='bbox 1135 3137 1200 3184; x_wconf 86' lang='lat' dir='ltr'>ser·</span> 
     </span>
     <span class='ocr_line' id='line_1_29' title="bbox 158 3228 1198 3327; baseline -0.003 -27"><span class='ocrx_word' id='word_1_198' title='bbox 158 3241 281 3302; x_wconf 87' lang='lat' dir='ltr'>vatus:</span> <span class='ocrx_word' id='word_1_199' title='bbox 306 3256 412 3323; x_wconf 86' lang='lat' dir='ltr'>quem</span> <span class='ocrx_word' id='word_1_200' title='bbox 431 3241 468 3301; x_wconf 80' lang='lat' dir='ltr'>et</span> <span class='ocrx_word' id='word_1_201' title='bbox 484 3233 555 3326; x_wconf 82' lang='grc' dir='ltr'>ἵρον</span> <span class='ocrx_word' id='word_1_202' title='bbox 573 3229 748 3324; x_wconf 77' lang='grc' dir='ltr'>Νυμφάων</span> <span class='ocrx_word' id='word_1_203' title='bbox 762 3228 881 3327; x_wconf 82' lang='grc' dir='ltr'>ἄντρον</span> <span class='ocrx_word' id='word_1_204' title='bbox 895 3230 1072 3322; x_wconf 87' lang='lat' dir='ltr'>appellat:</span> <span class='ocrx_word' id='word_1_205' title='bbox 1099 3252 1198 3322; x_wconf 87' lang='lat' dir='ltr'>quern</span> 
     </span>
     <span class='ocr_line' id='line_1_30' title="bbox 158 3347 1071 3440; baseline 0.001 -24"><span class='ocrx_word' id='word_1_206' title='bbox 158 3360 196 3417; x_wconf 87' lang='lat' dir='ltr'>et</span> <span class='ocrx_word' id='word_1_207' title='bbox 213 3350 287 3440; x_wconf 88' lang='lat' dir='ltr'>ipse</span> <span class='ocrx_word' id='word_1_208' title='bbox 305 3357 410 3418; x_wconf 85' lang='lat' dir='ltr'>antea</span> <span class='ocrx_word' id='word_1_209' title='bbox 427 3347 632 3417; x_wconf 82' lang='lat' dir='ltr'>suavissimo</span> <span class='ocrx_word' id='word_1_210' title='bbox 650 3349 807 3416; x_wconf 82' lang='lat' dir='ltr'>carmine</span> <span class='ocrx_word' id='word_1_211' title='bbox 824 3349 1071 3439; x_wconf 66' lang='lat' dir='ltr'>depinxerat‘:</span> 
     </span>
    </p>

    <p class='ocr_par' dir='ltr' id='par_1_6' title="bbox 299 3506 857 3579">
     <span class='ocr_line' id='line_1_31' title="bbox 299 3506 857 3579; baseline 0.002 -17"><span class='ocrx_word' id='word_1_212' title='bbox 299 3509 327 3563; x_wconf 80' lang='grc' dir='ltr'>ίν</span> <span class='ocrx_word' id='word_1_213' title='bbox 339 3508 367 3561; x_wconf 79' lang='grc' dir='ltr'>δὲ</span> <span class='ocrx_word' id='word_1_214' title='bbox 378 3507 500 3579; x_wconf 73' lang='grc' dir='ltr'>κρητῆρές</span> <span class='ocrx_word' id='word_1_215' title='bbox 511 3531 539 3561; x_wconf 91' lang='grc' dir='ltr'>τε</span> <span class='ocrx_word' id='word_1_216' title='bbox 552 3508 592 3560; x_wconf 81' lang='grc' dir='ltr'>καὶ</span> <span class='ocrx_word' id='word_1_217' title='bbox 603 3506 769 3578; x_wconf 76' lang='grc' dir='ltr'>ἀμφιφορῆες</span> <span class='ocrx_word' id='word_1_218' title='bbox 780 3508 857 3563; x_wconf 77' lang='grc' dir='ltr'>ε’όσιν</span> 
     </span>
    </p>

    <p class='ocr_par' dir='ltr' id='par_1_7' title="bbox 298 3591 975 3664">
     <span class='ocr_line' id='line_1_32' title="bbox 298 3591 975 3664; baseline 0.001 -14"><span class='ocrx_word' id='word_1_219' title='bbox 298 3593 391 3650; x_wconf 83' lang='grc' dir='ltr'>λαίνοι·</span> <span class='ocrx_word' id='word_1_220' title='bbox 408 3592 471 3649; x_wconf 64' lang='grc' dir='ltr'>ἔνθα</span> <span class='ocrx_word' id='word_1_221' title='bbox 483 3593 505 3648; x_wconf 77' lang='grc' dir='ltr'>δ’</span> <span class='ocrx_word' id='word_1_222' title='bbox 517 3591 608 3648; x_wconf 72' lang='grc' dir='ltr'>ἔπειτα</span> <span class='ocrx_word' id='word_1_223' title='bbox 619 3595 828 3659; x_wconf 77' lang='grc' dir='ltr'>τιθαιβώσσουσι</span> <span class='ocrx_word' id='word_1_224' title='bbox 838 3594 975 3664; x_wconf 85' lang='grc' dir='ltr'>μελίσσαι·</span> 
     </span>
    </p>

    <p class='ocr_par' dir='ltr' id='par_1_8' title="bbox 301 3679 944 3753">
     <span class='ocr_line' id='line_1_33' title="bbox 301 3679 944 3753; baseline -0.003 -17"><span class='ocrx_word' id='word_1_225' title='bbox 301 3683 328 3736; x_wconf 77' lang='grc' dir='ltr'>ἒν</span> <span class='ocrx_word' id='word_1_226' title='bbox 340 3681 361 3736; x_wconf 77' lang='grc' dir='ltr'>δ</span> <span class='ocrx_word' id='word_1_227' title='bbox 373 3681 443 3736; x_wconf 82' lang='grc' dir='ltr'>ἴστοι</span> <span class='ocrx_word' id='word_1_228' title='bbox 455 3680 539 3734; x_wconf 89' lang='grc' dir='ltr'>λίθεοι</span> <span class='ocrx_word' id='word_1_229' title='bbox 550 3679 709 3750; x_wconf 85' lang='grc' dir='ltr'>περιμῆκεες,</span> <span class='ocrx_word' id='word_1_230' title='bbox 723 3680 784 3735; x_wconf 81' lang='grc' dir='ltr'>ἔνθα</span> <span class='ocrx_word' id='word_1_231' title='bbox 795 3702 824 3734; x_wconf 91' lang='grc' dir='ltr'>τε</span> <span class='ocrx_word' id='word_1_232' title='bbox 836 3679 944 3753; x_wconf 85' lang='grc' dir='ltr'>Νύμφαι</span> 
     </span>
    </p>

    <p class='ocr_par' dir='ltr' id='par_1_9' title="bbox 297 3766 949 3839">
     <span class='ocr_line' id='line_1_34' title="bbox 297 3766 949 3839; baseline 0 -18"><span class='ocrx_word' id='word_1_233' title='bbox 297 3767 375 3839; x_wconf 83' lang='grc' dir='ltr'>φάρε’</span> <span class='ocrx_word' id='word_1_234' title='bbox 387 3768 542 3839; x_wconf 83' lang='grc' dir='ltr'>ὑφαίνουσιν</span> <span class='ocrx_word' id='word_1_235' title='bbox 553 3767 730 3837; x_wconf 82' lang='grc' dir='ltr'>ἁλιπόρφυρα,</span> <span class='ocrx_word' id='word_1_236' title='bbox 744 3766 828 3835; x_wconf 84' lang='grc' dir='ltr'>θαῦμα</span> <span class='ocrx_word' id='word_1_237' title='bbox 840 3766 949 3822; x_wconf 73' lang='grc' dir='ltr'>ἰδέσθαι·</span> 
     </span>
    </p>

    <p class='ocr_par' dir='ltr' id='par_1_10' title="bbox 300 3850 945 3921">
     <span class='ocr_line' id='line_1_35' title="bbox 300 3850 945 3921; baseline 0 -14"><span class='ocrx_word' id='word_1_238' title='bbox 300 3854 327 3908; x_wconf 78' lang='grc' dir='ltr'>ίν</span> <span class='ocrx_word' id='word_1_239' title='bbox 339 3853 361 3907; x_wconf 81' lang='grc' dir='ltr'>δ</span> <span class='ocrx_word' id='word_1_240' title='bbox 371 3851 441 3907; x_wconf 79' lang='grc' dir='ltr'>ὕδατ’</span> <span class='ocrx_word' id='word_1_241' title='bbox 453 3852 583 3907; x_wconf 77' lang='grc' dir='ltr'>ἀενάοντα·</span> <span class='ocrx_word' id='word_1_242' title='bbox 605 3851 656 3905; x_wconf 88' lang='grc' dir='ltr'>δύω</span> <span class='ocrx_word' id='word_1_243' title='bbox 669 3850 696 3905; x_wconf 74' lang='grc' dir='ltr'>δέ</span> <span class='ocrx_word' id='word_1_244' title='bbox 709 3850 736 3905; x_wconf 78' lang='grc' dir='ltr'>τί</span> <span class='ocrx_word' id='word_1_245' title='bbox 748 3853 772 3904; x_wconf 83' lang='grc' dir='ltr'>οἶ</span> <span class='ocrx_word' id='word_1_246' title='bbox 785 3850 859 3921; x_wconf 85' lang='grc' dir='ltr'>θύραι</span> <span class='ocrx_word' id='word_1_247' title='bbox 869 3853 945 3907; x_wconf 82' lang='grc' dir='ltr'>είσίν·</span> 
     </span>
    </p>

    <p class='ocr_par' dir='ltr' id='par_1_11' title="bbox 299 3937 936 4010">
     <span class='ocr_line' id='line_1_36' title="bbox 299 3937 936 4010; baseline 0.002 -18"><span class='ocrx_word' id='word_1_248' title='bbox 299 3940 326 3992; x_wconf 76' lang='lat' dir='ltr'>cl</span> <span class='ocrx_word' id='word_1_249' title='bbox 337 3939 384 4007; x_wconf 83' lang='grc' dir='ltr'>μὲν</span> <span class='ocrx_word' id='word_1_250' title='bbox 394 3941 460 4009; x_wconf 83' lang='grc' dir='ltr'>πρὸς</span> <span class='ocrx_word' id='word_1_251' title='bbox 472 3937 578 4010; x_wconf 76' lang='grc' dir='ltr'>Βορέαο,</span> <span class='ocrx_word' id='word_1_252' title='bbox 592 3938 742 4002; x_wconf 82' lang='grc' dir='ltr'>καταιβαταὶ</span> <span class='ocrx_word' id='word_1_253' title='bbox 753 3937 936 4008; x_wconf 84' lang='grc' dir='ltr'>ἀνθρώποισιν,</span> 
     </span>
    </p>
   </div>
   <div class='ocr_carea' id='block_1_5' title="bbox 300 4023 991 4184">
    <p class='ocr_par' dir='ltr' id='par_1_12' title="bbox 300 4023 991 4184">
     <span class='ocr_line' id='line_1_37' title="bbox 300 4023 991 4096; baseline 0 -17"><span class='ocrx_word' id='word_1_254' title='bbox 300 4027 326 4079; x_wconf 79' lang='lat' dir='ltr'>al</span> <span class='ocrx_word' id='word_1_255' title='bbox 339 4025 361 4079; x_wconf 79' lang='grc' dir='ltr'>δ</span> <span class='ocrx_word' id='word_1_256' title='bbox 373 4025 405 4080; x_wconf 80' lang='grc' dir='ltr'>αὖ</span> <span class='ocrx_word' id='word_1_257' title='bbox 415 4028 481 4096; x_wconf 87' lang='grc' dir='ltr'>πρὸς</span> <span class='ocrx_word' id='word_1_258' title='bbox 493 4028 579 4079; x_wconf 87' lang='grc' dir='ltr'>Νότου</span> <span class='ocrx_word' id='word_1_259' title='bbox 591 4025 653 4088; x_wconf 84' lang='grc' dir='ltr'>εἰσὶ,</span> <span class='ocrx_word' id='word_1_260' title='bbox 666 4023 795 4095; x_wconf 76' lang='grc' dir='ltr'>θεωτίραι·</span> <span class='ocrx_word' id='word_1_261' title='bbox 815 4023 874 4079; x_wconf 70' lang='lat' dir='ltr'>oili</span> <span class='ocrx_word' id='word_1_262' title='bbox 886 4047 911 4078; x_wconf 94' lang='grc' dir='ltr'>τι</span> <span class='ocrx_word' id='word_1_263' title='bbox 923 4026 991 4094; x_wconf 77' lang='grc' dir='ltr'>κείνῃ</span> 
     </span>
     <span class='ocr_line' id='line_1_38' title="bbox 300 4110 947 4184; baseline 0.002 -19"><span class='ocrx_word' id='word_1_264' title='bbox 300 4112 391 4183; x_wconf 82' lang='grc' dir='ltr'>ἀνδρες</span> <span class='ocrx_word' id='word_1_265' title='bbox 403 4112 563 4184; x_wconf 69' lang='grc' dir='ltr'>ἐσέρχονται,</span> <span class='ocrx_word' id='word_1_266' title='bbox 576 4111 638 4165; x_wconf 87' lang='grc' dir='ltr'>ἀλλ’</span> <span class='ocrx_word' id='word_1_267' title='bbox 650 4111 782 4166; x_wconf 83' lang='grc' dir='ltr'>ἀθανάτων</span> <span class='ocrx_word' id='word_1_268' title='bbox 794 4110 854 4167; x_wconf 87' lang='grc' dir='ltr'>όδος</span> <span class='ocrx_word' id='word_1_269' title='bbox 866 4111 947 4166; x_wconf 79' lang='grc' dir='ltr'>ε’στιν.</span> 
     </span>
    </p>
   </div>
   <div class='ocr_carea' id='block_1_6' title="bbox 300 4346 1069 4418">
    <p class='ocr_par' dir='ltr' id='par_1_13' title="bbox 300 4346 1069 4418">
     <span class='ocr_line' id='line_1_39' title="bbox 300 4346 1069 4418; baseline 0.004 -21"><span class='ocrx_word' id='word_1_270' title='bbox 300 4359 316 4397; x_wconf 77' lang='lat' dir='ltr'>c</span> <span class='ocrx_word' id='word_1_271' title='bbox 333 4348 386 4402; x_wconf 88' lang='lat' dir='ltr'>Od.</span> <span class='ocrx_word' id='word_1_272' title='bbox 399 4348 455 4401; x_wconf 81' lang='lat' dir='ltr'>xiii.</span> <span class='ocrx_word' id='word_1_273' title='bbox 467 4365 528 4417; x_wconf 81' lang='lat'>344.</span> <span class='ocrx_word' id='word_1_274' title='bbox 910 4355 919 4378; x_wconf 86' lang='lat'>¹</span> <span class='ocrx_word' id='word_1_275' title='bbox 936 4346 990 4400; x_wconf 85' lang='lat' dir='ltr'>xiii.</span> <span class='ocrx_word' id='word_1_276' title='bbox 1007 4364 1069 4418; x_wconf 75' lang='lat'>¹05·</span> 
     </span>
    </p>
   </div>
   <div class='ocr_carea' id='block_1_7' title="bbox 0 0 1374 4866">
    <p class='ocr_par' dir='ltr' id='par_1_14' title="bbox 0 0 1374 4866">
     <span class='ocr_line' id='line_1_40' title="bbox 0 0 1374 4866; baseline 0 0"><span class='ocrx_word' id='word_1_277' title='bbox 0 0 1374 4866; x_wconf 95' lang='lat' dir='ltr'> </span> 
     </span>
    </p>
   </div>
  </div>
 </body>
</html>
