2738 4866
160 306 202 368 18
358 304 408 368 Do
423 303 656 387 notissimisque
670 303 754 366 ruris
768 302 962 367 amatoribus.
1061 327 1156 368 rann.
1168 326 1202 365 11.

160 474 291 544 multos
324 473 430 543 hodie
463 475 607 565 putatis,
638 496 720 544 cum
755 482 872 544 “saxa
905 482 942 544 et
976 474 1203 544 solitudines''

159 598 316 681 crepant,
334 589 531 657 inveterato
549 589 689 658 cuidam
705 591 796 658 mori
814 590 1057 681 obtemperare
1073 591 1202 681 potine,

156 727 266 795 quam
292 705 367 773 sine
394 703 476 772 fuco
504 711 541 772 et
564 704 710 773 fallaciis
737 706 886 798 flagrans
911 707 1019 775 animi
1045 705 1203 775 studium

158 819 335 889 mulcere!
379 818 540 901 Quorum
558 820 586 888 si
604 842 693 888 verae
711 828 828 890 essent
842 843 955 903 voces,
973 829 1010 890 et
1027 828 1204 912 “pectore

158 937 204 1005 ab
233 936 336 1016 im0,”
359 936 467 1025 juxta
498 934 750 1004 Lucretianum
783 935 883 1019 illud,
918 935 1137 1017 “excussae,”
1167 935 1203 1001 id

158 1048 293 1138 saepius,
321 1047 427 1116 credo
455 1047 622 1128 eveniret,
649 1047 743 1136 quod
770 1047 857 1115 mihi
884 1047 1025 1138 quidem
1052 1069 1202 1139 perraro,

156 1164 254 1253 quod
284 1162 404 1242 sciam,
432 1160 552 1229 videre
583 1161 752 1252 contigit:
782 1169 824 1230 ut
854 1184 944 1231 unus
972 1170 1069 1230 certe
1095 1169 1204 1252 atque

158 1272 250 1344 alter
283 1297 329 1344 ex
362 1274 405 1343 iis
434 1273 494 1363 qui
523 1275 703 1364 pecuniosi
734 1276 971 1357 nominantur,
1001 1275 1114 1344 sciens
1144 1297 1204 1359 vo-

158 1388 304 1480 lensque
321 1411 395 1458 rem
412 1387 633 1470 familiarem,
650 1390 882 1458 amoeniornm
898 1389 1056 1457 locorum
1074 1411 1202 1474 amore,

159 1503 405 1574 imminueret:
431 1503 531 1572 fundi
557 1503 766 1595 plerumque
792 1527 833 1573 ec
857 1503 968 1594 pluris
991 1511 1202 1584 emerentur,

158 1641 231 1687 non
264 1618 378 1688 solum
413 1642 482 1709 quc
512 1619 722 1687 fructuosior
751 1619 907 1709 quisque,
937 1641 1060 1688 verum
1094 1603 1204 1687 etiam

157 1757 229 1826 quo
256 1741 402 1825 aspectu
426 1741 519 1802 esset
539 1734 740 1823 jucundior.
792 1733 898 1816 Quod
924 1735 952 1802 si
975 1756 1087 1824 pauca
1113 1734 1204 1803 fiunt

156 1844 340 1941 ejusmodi,
359 1846 590 1940 intelligimus
607 1849 765 1939 profecto
784 1871 884 1919 mera
900 1871 975 1919 esse
994 1847 1108 1929 verba,
1127 1871 1204 1938 quae

158 1966 204 2035 de
229 1987 310 2034 rure
337 1964 441 2033 beato
469 1970 576 2055 atque
604 1965 690 2033 aviis
714 1964 895 2034 Pieridum
921 1963 1007 2033 locis
1029 1949 1067 2051 hi
1093 1962 1204 2033 nostri

158 2064 334 2172 piscinarii
351 2079 396 2148 ad
413 2079 595 2148 fastidium
613 2101 724 2169 usque
742 2066 942 2149 decantant.
1201 2076 1203 2080 ’

210 2196 282 2265 Sed
299 2194 533 2265 concedamus
545 2193 772 2287 integerrima
789 2217 876 2278 esse,
890 2202 997 2286 atque
1015 2217 1061 2263 ex
1078 2178 1204 2262 intimo

157 2310 288 2383 affectu
301 2333 458 2381 manare:
482 2333 553 2379 non
570 2318 692 2379 tamen
709 2332 751 2378 ea
769 2318 851 2380 sunt
864 2334 941 2400 qnae
955 2310 1089 2402 optime
1103 2310 1206 2379 dece-

157 2435 238 2497 rent
255 2425 441 2495 fluminum
459 2424 705 2518 sylvarumque
722 2449 842 2495 amore
859 2434 1013 2517 captum.
1051 2417 1204 2516 Nempe,

159 2542 216 2611 cui
242 2541 352 2611 semel
376 2541 444 2610 ista
469 2541 630 2623 dulcedo,
654 2550 823 2631 tanquam
851 2543 896 2611 de
921 2540 1022 2623 eoelo,
1045 2535 1206 2634 tetigerit

156 2656 326 2738 animum,
349 2656 379 2724 is
405 2677 611 2725 communes
635 2656 741 2726 hasce
768 2656 921 2739 deliciae,
944 2679 1020 2747 qnae
1046 2657 1205 2742 omnium

157 2772 290 2862 ubique
324 2779 406 2841 sunt
439 2771 597 2867 locorum
607 2793 622 2868 3
661 2772 811 2841 nubium
843 2772 922 2841 dico
952 2794 992 2840 ac
1022 2769 1204 2840 stellarum

155 2894 341 2977 aspectus3
366 2869 449 2955 solis
461 2867 624 2976 lunaeque
638 2882 752 2957 varios
766 2909 907 2969 cursus3
933 2883 1067 2955 colores
1080 2908 1205 2955 vernos

156 3010 195 3071 et
218 3000 460 3084 autumnales3
487 3011 611 3071 cantus
636 3003 776 3086 avium;
803 3010 999 3084 ventorum,
1017 3002 1204 3084 undarum,

157 3117 322 3186 arborum
345 3118 498 3200 sonitus3
525 3112 610 3200 haec,
627 3119 784 3209 inquam,
803 3128 999 3208 caeteraque
1021 3117 1064 3185 id·
1080 3139 1205 3209 genus,

154 3255 234 3323 quae
255 3232 361 3301 nullis
384 3242 466 3302 sunt
489 3233 690 3326 regionibus
712 3233 886 3314 conclusa,
910 3255 992 3302 cum
1013 3231 1094 3300 viva
1116 3234 1205 3324 adeo

157 3347 341 3438 voluptate
365 3348 528 3438 excipiet,
546 3356 588 3415 ut
605 3348 753 3416 minima
769 3371 839 3439 prae
855 3348 911 3416 his
929 3369 1005 3416 esse
1022 3346 1129 3415 ducat
1153 3369 1205 3428 ea,

156 3485 235 3552 quae
269 3463 438 3552 cujusque
468 3462 619 3554 regionis
654 3471 737 3531 sunt
771 3464 923 3555 propria.
986 3461 1076 3542 Hac,
1105 3460 1206 3529 velut

158 3577 256 3647 vitali
273 3600 368 3659 aura,
386 3599 559 3668 nusquam
577 3600 648 3645 non
662 3578 798 3647 fovebit
816 3601 854 3648 se
868 3578 958 3646 ruris
971 3597 1112 3647 amans:
1140 3598 1206 3644 cae-

156 3692 241 3762 teris
257 3693 309 3762 ita
326 3691 571 3772 delectabitur,
590 3699 631 3760 ut
655 3715 718 3762 sua
741 3702 861 3763 tamen
883 3693 970 3773 loca,
988 3699 1030 3760 ut
1048 3700 1205 3782 paterna,

156 3815 197 3876 ut
232 3807 434 3888 domestica,
471 3808 625 3896 vitaeque
660 3807 782 3877 officiis
816 3808 1063 3877 commendata
1096 3814 1206 3897 atque

156 3931 287 4001 saneta,
306 3921 469 3991 omnibus
486 3922 582 3990 omni
600 3929 761 4013 tempore
779 3931 982 4014 anteponat.
1032 3921 1117 3990 Jam
1134 3919 1207 3989 col-

157 4036 238 4106 latis
261 4036 355 4105 inter
377 4059 424 4118 se,
442 4037 524 4105 hinc
548 4036 769 4119 misticorum,
789 4037 887 4106 illinc
912 4037 1141 4118 eruditorum,
1161 4036 1205 4104 de

157 4150 393 4243 pulcherrima
421 4151 487 4221 hac
513 4175 630 4221 rerum
657 4154 838 4235 varietate,
865 4153 1060 4234 sententiis,
1083 4153 1206 4221 viden·

159 4266 243 4334 dum
261 4287 379 4334 annon
404 4288 446 4334 eo
472 4266 543 4334 sint
563 4266 777 4352 discrimine,
794 4267 906 4336 uthis
926 4265 1134 4357 plerumque
1152 4287 1206 4334 re-
