2738 4866
215 315 258 380 6a
287 315 494 400 Drsoaplimm
508 311 663 397 qnondam
680 311 802 375 Arcani
815 321 930 374 notum
943 308 1093 385 odilhard,
1124 331 1221 371 1111111.
1234 329 1262 368 v·

216 475 411 546 conabitur.
475 471 528 542 Ut
559 472 595 539 in
630 473 778 540 materia
812 471 916 562 longe
949 470 1109 562 graviore
1140 469 1263 539 subeat

217 589 418 659 meminisse
438 584 624 655 Horatiani
642 585 745 666 illius,

570 749 588 773 “
599 743 705 805 vetabo,
717 743 763 813 qui
782 783 805 797 ..
817 782 840 796 ..
859 760 964 796 sacrum

463 830 587 899 Vulgarit
599 846 735 891 arcanum,
748 829 799 882 sub
811 828 905 882 iisdem

515 915 555 968 Sit
567 915 696 977 trabibus,
710 913 863 984 fragilemve
874 931 981 967 mecum

570 1000 661 1053 Solvet
673 999 841 1069 phaselum.”

218 1154 375 1225 Omnino
396 1154 557 1245 primaevi
578 1152 631 1222 illi
649 1153 782 1234 Patres
800 1152 1026 1242 maximeque
1048 1153 1168 1222 idonei
1188 1153 1265 1222 Pie-

217 1269 301 1337 tatis
324 1280 495 1348 auctores,
513 1268 613 1337 nulla
634 1292 705 1337 non
723 1267 946 1337 solicitudine
970 1269 1167 1336 cavendum
1185 1291 1266 1336 oen-

217 1384 352 1465 sebant,
366 1405 411 1451 ne
424 1384 469 1452 ad
482 1384 642 1452 inimicos
655 1392 761 1474 atque
779 1383 905 1473 impios
922 1382 1122 1473 perveniret
1139 1384 1266 1451 notitia

217 1506 518 1566 sacramentorum
530 1521 571 1566 ao
585 1507 728 1568 tesserae
740 1497 853 1566 Fidei.
885 1496 1052 1566 Solennia
1065 1497 1144 1578 ista,
1153 1496 1265 1565 ἴσασιν

217 1614 249 1681 oi
274 1613 408 1694 μυσταῖ·
436 1612 551 1680 ’ἴσασιν
575 1614 607 1680 oi
634 1612 836 1694 μεμυημένοι·
867 1609 912 1681 τὰ
941 1609 1022 1703 ἅγια
1049 1621 1121 1688 τοῖς
1148 1613 1264 1704 ἁγίοις.

219 1727 272 1796 Ea
290 1728 428 1819 “siquis
441 1727 625 1796 insinuarit
639 1728 797 1795 nondum
813 1727 970 1809 initiatis,
989 1728 1183 1819 prodidisse
1196 1750 1266 1796 non

218 1843 368 1912 edidisse
394 1842 669 1913 aestimabatur.''
730 1841 836 1924 Quod
863 1865 906 1910 eo
933 1843 1044 1934 magis
1070 1842 1266 1912 notandum

218 1959 377 2038 arbitror,
393 1958 558 2048 quoniam
576 1956 662 2026 talia
679 1979 749 2024 non
767 1957 835 2025 levi
849 1956 1017 2048 pericul0,
1031 1958 1153 2048 primis
1171 1967 1266 2026 certe

220 2073 448 2162 temporibus
479 2071 696 2140 dicebantur.
750 2070 932 2139 Nimirum
963 2071 1030 2139 hoo
1061 2070 1149 2140 illud
1181 2080 1265 2153 erat,

221 2188 351 2276 dequo
370 2185 559 2254 Christiani
577 2184 670 2254 male
695 2185 905 2266 audiebant;
932 2194 952 2222 ‘⁶
963 2186 1125 2254 nocturni
1143 2195 1265 2268 coetus,

220 2324 346 2370 aroana
366 2301 499 2392 religio,
518 2301 731 2369 eaerimoniae
756 2323 827 2367 non
854 2301 1016 2368 omnibus
1041 2301 1266 2391 impertitae.’'

221 2416 327 2498 Quod
357 2416 384 2484 si
416 2415 478 2496 illi,
509 2416 634 2505 spretis
665 2414 760 2506 vulgi
797 2414 1004 2493 rumoribus,
1032 2414 1159 2505 quibus
1189 2426 1266 2484 tum

221 2532 305 2600 vitae
334 2553 417 2610 suae,
445 2539 523 2598 tum
552 2529 676 2622 gloriae
704 2528 773 2597 Dei
797 2530 937 2619 jactura
964 2528 1150 2598 videbatur
1180 2530 1265 2610 lieri,

220 2643 331 2712 nihilo
356 2645 482 2722 minus,
502 2643 619 2734 aliqua
645 2643 771 2712 saltem
792 2666 838 2711 ex
861 2651 971 2734 parte,
996 2644 1066 2712 suis
1089 2643 1126 2711 in
1152 2644 1266 2736 adytis

221 2758 426 2827 delitescere
451 2757 648 2839 voluerunt,
676 2781 791 2848 neque
818 2757 934 2848 palam
966 2758 1084 2826 omnia
1113 2759 1266 2849 profanis

219 2873 378 2964 aperire:
415 2873 553 2941 sentitis
583 2871 696 2962 plane,
728 2873 763 2939 ni
796 2871 906 2952 fallor,
934 2869 1151 2953 Academici,
1183 2874 1266 2965 quid

219 2989 313 3078 apud
337 2986 514 3077 simplices
535 2987 825 3077 incorruptosque
848 2987 982 3055 animos
1003 2985 1118 3055 valeat
1140 2989 1191 3056 rei
1217 2988 1266 3055 di-

222 3102 313 3171 vinae
339 3100 544 3180 reverentia
574 3110 610 3170 et
634 3102 747 3193 pudor
769 3102 912 3192 quidam
939 3101 1008 3171 illis
1032 3102 1265 3193 dignissimus,

217 3239 369 3306 quorum
404 3217 510 3284 modo
545 3217 733 3307 expiantur
766 3216 908 3285 scelera.
972 3215 1125 3285 Nullum
1160 3217 1267 3298 enim,

219 3331 314 3421 quod
343 3331 462 3411 sciam,
485 3329 553 3398 Dei
582 3340 644 3400 aut
673 3331 843 3401 Ecclesiae
873 3332 1049 3400 monitum
1076 3331 1267 3414 habebant,

220 3447 315 3536 quod
342 3446 386 3514 de
418 3445 547 3514 talibus
575 3447 671 3536 loqui
698 3445 911 3538 prohiberet.
964 3446 1047 3537 Ipsa
1077 3447 1161 3515 satis
1186 3470 1266 3538 pro-

220 3561 365 3630 hibebat
384 3560 534 3630 Natura.
587 3561 678 3644 Quae
703 3563 738 3630 ni
757 3561 851 3631 clara
869 3583 954 3630 voce
971 3569 1172 3643 testaretur,
1191 3563 1268 3653 plu·

220 3679 327 3747 rimos
349 3677 439 3745 bene
465 3676 570 3746 celari
593 3677 718 3761 multa,
746 3700 826 3767 quae
851 3677 1029 3768 religionis
1054 3699 1138 3769 ergo
1164 3678 1266 3760 liunt,

219 3817 291 3862 non
321 3792 485 3882 equidem
513 3791 684 3883 intelligo,
714 3814 784 3882 qua
811 3792 957 3872 ratione,
986 3800 1064 3860 toto
1094 3792 1168 3860 fere
1198 3801 1267 3862 ter-

219 3929 336 3977 rarum
367 3907 461 3988 orbe,
490 3905 697 3976 Christianis
725 3929 865 3997 quoque
897 3929 973 3975 mos
1003 3906 1200 3989 invaluerit,
1227 3918 1268 3976 ut

219 4044 341 4114 preces
364 4030 530 4089 canerent
553 4022 738 4114 peregrina
764 4021 893 4112 lingua.
947 4021 1070 4090 Fuerit
1092 4044 1176 4091 sane
1200 4025 1267 4092 ista

178 4176 181 4182 ·
218 4137 441 4208 sacerdotum
464 4135 577 4217 fraus3
604 4135 720 4216 fuerit,
747 4135 802 4222 (ut
825 4143 901 4204 erat
919 4135 1065 4206 fortasse
1082 4136 1201 4228 aliqua
1221 4161 1267 4208 ex
