2738 4866
157 354 253 398 rana.
265 353 321 397 vn.
343 335 457 398 Latios
468 355 535 398 eom
542 345 660 419 patera
676 357 767 419 quom
780 336 867 420 ottho
882 337 1065 402 amimam.
1163 342 1206 408 89

208 506 327 599 Igitur
343 515 531 598 postquam
543 509 583 590 is,
594 531 705 577 annos
716 509 793 599 jam
807 532 947 592 novem,
958 511 1206 603 ingruentibus

156 621 307 692 Achivis
324 622 419 692 solus
435 644 535 714 paene
551 625 739 704 restiterat,
757 625 971 706 tradebatur,
986 627 1103 710 credo,
1122 625 1207 697 His·

156 740 350 807 toricorum
368 761 508 830 quoque
526 737 719 820 annalibus,
733 739 814 809 talis
831 740 956 829 aliquis
973 764 1089 810 rerum
1109 744 1205 824 ordo,

157 852 299 943 qualern
322 854 424 923 nobis
450 854 595 945 exponit
620 852 751 924 Poeta:
782 854 820 922 in
842 877 885 923 eo
906 851 1016 924 fuisse
1043 879 1099 926 res
1120 856 1205 925 Tro-

150 969 264 1058 janas,
282 977 324 1036 ut
348 990 453 1036 nemo
463 970 540 1059 J’am
561 969 722 1059 amplius,
740 991 785 1038 ne
803 967 941 1038 Hector
957 972 1100 1060 quidem
1118 972 1204 1063 ipse,

157 1091 280 1174 aperto
301 1083 339 1151 in
362 1105 487 1173 campo
511 1083 610 1174 signa
634 1083 792 1152 conferre
810 1085 968 1153 auderet.
1021 1083 1205 1175 Expressis

157 1199 274 1268 verbis
290 1197 461 1290 gloriatur
472 1197 654 1279 Achilles3

510 1343 582 1414 ὄφρα
594 1343 616 1398 δ’
629 1343 681 1416 ἐγὼ
692 1344 746 1414 μετ’
758 1344 906 1415 Ἀχαιοῖσιν
916 1346 1063 1417 πολέμιζον,

334 1430 380 1485 οὐκ
391 1430 517 1485 ἐθέλεσκε
528 1432 612 1502 μάχην
623 1431 674 1485 ἀπὸ
686 1431 785 1501 τείχεος
796 1431 904 1502 ὀρνύμεν
912 1430 1021 1504 Ἕκτωρ,

334 1517 394 1572 ἀλλ’
406 1517 472 1573 ὅσον
481 1517 509 1574 e’r
521 1519 612 1574 Σκαιάς
623 1540 651 1572 τε
663 1517 747 1574 πύλας
760 1519 801 1572 καὶ
813 1519 900 1590 φηγὸν
910 1517 994 1573 ἵκανεν
1000 1527 1018 1572 ⁸.

160 1663 311 1734 Factum
349 1665 469 1755 itaque
504 1658 673 1735 Numinis
711 1665 867 1749 consilio,
903 1689 973 1756 quo
1008 1666 1096 1735 nihil
1132 1691 1204 1738 non

158 1781 315 1850 studiose
348 1780 456 1850 refert
487 1779 631 1862 Noster,
662 1789 703 1849 ut
737 1779 896 1871 capitalis
929 1779 991 1849 illa
1020 1780 1079 1849 Ira
1107 1781 1204 1874 Aga·

158 1919 350 1966 memnona
375 1897 469 1966 inter
496 1904 534 1965 et
560 1895 740 1965 Achillem
770 1895 1018 1965 intercederet.
1076 1896 1204 1989 Itaque

158 2019 308 2080 vacante
325 2010 477 2081 Achillis
497 2011 585 2093 loco,
606 2033 724 2080 rursus
747 2009 872 2101 proelia
894 2018 1032 2079 tentare
1052 2010 1203 2104 Trojani,

158 2126 355 2216 animisque
381 2127 470 2195 adeo
500 2126 708 2205 confirmari,
735 2146 772 2192 re
802 2125 911 2193 semel
941 2134 1048 2215 atque
1073 2127 1203 2195 iterum

157 2240 311 2310 feliciter
342 2251 452 2334 gesta,
482 2249 523 2310 ut
556 2264 602 2310 ne
635 2240 814 2309 redeuntis
844 2241 987 2330 quidem
1018 2241 1203 2331 impetum,

157 2355 258 2425 velut
292 2363 406 2437 antea,
442 2356 701 2426 detrectarent:
745 2354 795 2422 sic
835 2353 980 2422 demum
1019 2354 1204 2444 perdidere

158 2469 289 2550 omnia,
306 2468 463 2560 Asiaque
480 2468 660 2559 potentior
676 2467 787 2536 evasit
806 2465 1010 2535 Graecorum
1026 2488 1126 2557 gens.

209 2583 299 2653 Haec
325 2594 379 2654 est
406 2583 526 2653 Iliadis
549 2606 698 2665 summa,
719 2582 897 2652 annalium
919 2583 1001 2663 ritu,
1017 2583 1141 2674 jejune
1161 2604 1204 2651 ac

158 2698 366 2789 simpliciter
407 2707 589 2770 enarrata:
641 2721 746 2789 quam
790 2697 1033 2778 Grammatioi,
1076 2697 1203 2789 frigide

156 2813 273 2897 nimis,
291 2812 429 2904 placato
446 2812 591 2883 Achille
612 2813 793 2882 terminari
816 2814 934 2882 aiunt:
962 2835 1039 2902 quae
1059 2811 1203 2900 quidem

157 2930 323 2998 materies
357 2931 502 2999 carmini
534 2929 760 3021 Panegyrico
792 2927 908 3018 qualia
938 2937 1020 2996 sunt
1049 2925 1203 3007 Pindari,

157 3040 250 3110 bene
277 3041 393 3112 forsan
421 3046 645 3126 conveniret3
676 3066 747 3112 non
773 3051 849 3112 erat
877 3065 941 3132 per
965 3064 1003 3110 se
1029 3048 1204 3120 tentant

157 3157 272 3246 spatia
301 3156 494 3229 Homerica
517 3159 664 3250 implere
693 3181 796 3250 posse
826 3159 1013 3226 videretur.
1076 3156 1205 3245 Itaque

157 3280 195 3340 et
221 3271 336 3342 Iliada
369 3275 542 3343 nominari
575 3296 677 3343 suum
712 3272 825 3341 voluit
859 3295 1011 3352 carmen,
1046 3294 1128 3352 non,
1162 3280 1203 3339 ut

158 3387 306 3468 Statius,
344 3384 547 3458 Achilleida
588 3389 791 3477 quandam:
843 3396 880 3456 et
922 3387 967 3456 ad
1006 3387 1203 3455 universam

157 3500 373 3594 Argivorum
403 3504 594 3583 nationem,
624 3526 696 3571 non
725 3502 770 3571 ad
798 3502 986 3571 Phthiotas
1013 3500 1115 3580 soloe,
1141 3508 1203 3568 aut

158 3616 428 3709 Myrmidonum
445 3618 535 3687 filios
552 3621 739 3709 pertinere.
784 3617 900 3686 Immo
918 3640 1001 3686 vero
1019 3617 1063 3685 ad
1081 3638 1204 3684 omnes

156 3741 303 3825 gentes:
337 3733 414 3803 haec
444 3734 538 3802 enirn
569 3735 682 3824 prima
712 3714 803 3814 erat,
822 3757 899 3824 quae
925 3731 1067 3801 Graecos
1097 3753 1203 3823 gene-

156 3849 263 3918 ratim
289 3838 369 3917 cum
396 3848 560 3919 Barbaris
585 3850 837 3932 committeret,
863 3871 977 3918 causa.
1031 3844 1108 3940 Πρὸ
1135 3844 1203 3940 γὰρ

154 3969 221 4032 τῶν
239 3963 391 4057 Τρωΐκῶν
407 3963 494 4034 co’ddv
518 3965 669 4060 φαίνεται
692 3964 857 4060 πρότερον
882 3968 970 4054 κοινῇ
995 3962 1203 4054 ἐργασαμένη

155 4081 174 4159 ἦ
196 4075 361 4152 Ἑλλάςῦ.
415 4079 545 4171 Neque
565 4082 659 4149 inter
676 4089 837 4149 veterum
854 4086 1088 4148 monumenta
1104 4086 1205 4147 exta-

298 4322 313 4352 ⁸
332 4313 364 4368 11.
376 4314 413 4368 ix.
426 4327 488 4384 353.
842 4311 992 4382 bThucyd.
1005 4311 1023 4365 i.
1036 4329 1063 4382 3.
