2738 4866
172 329 237 395 260
354 333 427 396 Noc
442 333 544 396 omnic
558 331 647 416 αριιά
660 332 826 395 Homerum
840 331 922 394 Fato
935 329 1044 394 rato,
1066 352 1162 393 rann.
1174 352 1226 392 xv.

172 507 267 586 dum,
286 507 381 596 quod
407 505 568 575 nonnulli
594 507 631 574 in
660 503 861 574 Homericis
885 504 1005 573 videre
1032 525 1071 572 se
1096 511 1224 594 putant

171 621 345 711 expressis
364 621 477 690 verbis
503 629 710 712 conceptam
736 617 852 689 fatalis
877 619 979 688 istius
1002 618 1139 687 decreti
1157 617 1226 685 for·

171 734 317 804 mulam.
370 734 483 805 Verbi
496 735 620 827 gratia,
638 735 734 825 quod
751 735 827 829 ipsa
844 732 931 801 dicit
950 731 1153 814 Minervax,

312 893 373 947 ἀλλ’
385 897 442 963 ἤτοι
454 895 564 950 θάνατον
574 897 621 964 μέν
634 894 735 964 ὁμοίϊον
747 893 806 947 οὐδὲ
819 893 874 947 θεοί
883 914 933 961 περ

311 981 353 1033 καὶ
364 981 438 1054 φίλῳ
451 981 526 1051 ἀνδρὶ
538 979 656 1036 δύνανται
668 979 822 1049 ἀλαλκέμεν,
835 981 934 1034 dimon
946 999 990 1034 κεν
1001 979 1034 1047 ἀι)

310 1069 381 1135 μοῖρ’
392 1066 456 1134 α’λοι)
469 1066 604 1135 καθέλῃσι.

170 1209 241 1280 Sed
267 1211 421 1280 viderint
446 1212 508 1302 qui
533 1212 602 1281 ista
627 1220 709 1280 sunt
736 1212 921 1291 sententia,
940 1212 1119 1301 quomodo
1141 1233 1218 1279 con-

170 1327 290 1395 veniat
307 1349 389 1395 cum
407 1349 449 1396 ea
467 1326 585 1396 nobile
602 1326 700 1407 illud,
713 1327 788 1416 jam
806 1334 889 1396 ante
908 1325 1104 1406 laudatum,
1123 1324 1217 1394 Jovis

168 1441 212 1510 0.
242 1439 296 1510 M.
331 1440 489 1523 effatum,
523 1441 618 1532 quod
652 1441 725 1525 ille,
756 1441 855 1510 velut
885 1441 1069 1512 oraculum
1101 1441 1215 1532 adyto,

167 1557 303 1648 praefigi
323 1556 436 1626 voluit
453 1557 616 1627 universo
634 1557 825 1627 carmini-V:

308 1716 328 1768 ἀ
340 1718 429 1779 πότοι,
442 1712 497 1770 οἷον
509 1715 540 1785 δή
553 1739 583 1770 νυ
595 1716 669 1772 θεοὺς
679 1718 771 1787 βροτοὶ
782 1716 935 1770 αἰτιόωνται·

308 1801 338 1872 έξ
350 1800 433 1870 ἡμέων
444 1803 495 1873 γάρ
507 1804 577 1872 φασι
588 1801 642 1855 κάκ’
654 1799 769 1871 έμμεναι·
789 1804 813 1854 ol
825 1802 854 1855 δέ
866 1803 908 1856 καὶ
920 1802 993 1855 αὐτοὶ

308 1889 414 1958 σφῇσιν
425 1887 616 1956 ἀτασθαλίῃσιν
627 1887 773 1958 ὑπέρμορον
784 1887 855 1959 ἄλγε’
868 1886 985 1958 έχουσιν.

168 2023 346 2118 Equidem
376 2049 449 2095 non
475 2027 587 2107 video,
614 2050 684 2122 qua
709 2026 855 2097 tandem
881 2028 1020 2097 ratione
1045 2036 1211 2122 congruat

164 2139 349 2235 ὑπέρμορον
365 2140 453 2211 illud
471 2165 553 2211 cum
571 2165 695 2212 norma
712 2141 924 2212 Stoicorum.
977 2142 1075 2226 Quid
1093 2141 1211 2213 enimi

167 2255 298 2325 Nonne
327 2265 449 2348 aperte
479 2257 575 2338 dicit,
602 2254 774 2349 AEgistho
800 2257 907 2328 fuisse
932 2259 970 2326 in
996 2258 1080 2328 fatis
1106 2258 1209 2328 alium

165 2393 306 2460 prorsus
323 2371 472 2453 exitum,
490 2373 527 2440 ni
544 2372 620 2463 ipse
640 2394 703 2440 sua
724 2372 904 2442 dementia
921 2374 959 2441 in
980 2395 1087 2442 suum
1109 2381 1211 2464 caput

161 2496 203 2554 ‘et
219 2487 353 2556 crimen
371 2495 408 2555 et
425 2509 566 2577 poenam
584 2486 811 2557 arcessisset?

217 2602 286 2671 His
315 2601 469 2695 gemella
495 2602 606 2671 ferme
636 2610 730 2684 sunt,
758 2610 865 2692 atque
896 2626 941 2672 ex
972 2603 1086 2674 altera
1116 2612 1209 2697 parte

161 2717 387 2807 respondent,
413 2713 549 2807 Ulyssis
572 2716 726 2785 mendici
747 2739 880 2807 preces,
898 2717 1026 2807 quibus
1047 2718 1110 2786 ille
1131 2718 1209 2787 facit

163 2830 357 2922 periculum
372 2854 569 2922 procorum,
582 2839 620 2900 et
637 2833 835 2923 praesertim
846 2831 1208 2926 Amphinomi,primo

164 2969 209 3015 an
227 2948 271 3015 ad
289 2946 445 3037 inopiam
462 2946 714 3016 sublevandam
733 2947 818 3017 satis
831 2956 995 3038 prompta
1006 2948 1078 3018 sint
1095 2972 1208 3028 manu,

163 3061 290 3131 deinde
320 3084 365 3130 an
393 3061 479 3130 velit
505 3061 652 3130 tandem
679 3061 804 3152 aliquis
831 3085 952 3131 eorum
982 3065 1208 3156 reciperem,

162 3186 203 3244 ut
220 3178 332 3259 aiunt,
350 3176 395 3246 ad
414 3177 541 3246 bonam
561 3176 711 3270 frugem.

303 3340 337 3394 ὣς
348 3335 380 3391 ἂν
390 3337 474 3408 πύρνα
486 3340 550 3391 κατὰ
561 3342 710 3409 μνηστῆρος
721 3339 830 3410 ἀγείροι,

301 3425 384 3495 γνοίη,
397 3424 420 3479 θ
433 3423 524 3479 οἵτινες
535 3425 603 3480 εἶσιν
615 3425 750 3496 ἐναίσιμοι,
763 3429 789 3479 οἱ
800 3426 821 3479 τ’
832 3427 976 3496 ἀθέμιστοι.

208 3563 304 3645 Fuit,
331 3573 373 3633 ut
399 3564 549 3644 videtur,
578 3563 752 3633 Minervae
780 3567 814 3634 iu
840 3568 967 3648 animo,
996 3567 1052 3637 vel
1082 3571 1206 3639 devota

160 3702 297 3749 servare
323 3682 448 3772 capita,
474 3682 584 3771 siqui
613 3689 779 3772 praestare
800 3704 838 3750 se
864 3681 975 3752 velint
999 3684 1114 3755 salute
1138 3709 1205 3755 non

158 3794 336 3889 indignost
355 3820 494 3888 prorsus
512 3798 624 3867 veluti
641 3799 857 3868 miserrimus
876 3800 1060 3893 AEgisthus
1078 3803 1206 3874 scelere

158 3935 222 3982 suo
243 3921 439 3982 attraxerat
465 3914 507 3982 ad
534 3936 571 3983 se
597 3914 760 3998 exitium,
778 3924 909 4006 praeter
928 3926 1104 4001 naturam,
1120 3943 1207 4011 prae·

157 4037 283 4119 terque
313 4028 437 4098 fatum.
489 4027 752 4122 Amphinomus
786 4041 917 4114 autem,
952 4055 1034 4102 cum
1071 4037 1207 4106 caeteris

157 4145 204 4220 sit
220 4145 410 4227 honestior,
428 4169 546 4216 rursus
564 4146 712 4215 docetur
725 4169 802 4238 quae
821 4148 868 4216 sit
884 4148 1043 4220 conditio
1055 4152 1205 4230 vivendi,

298 4336 511 4408 ¹ffiffim.
733 4415 735 4420 Ι
955 4345 1066 4415 mn
