2738 4866
159 301 224 368 126
277 301 442 367 Hemeseo
455 319 523 362 com
537 298 587 374 iis,
602 317 673 382 quos
686 296 804 373 adult,
813 286 904 381 prece
917 295 1033 363 amba.
1058 317 1151 366 enne.
1160 318 1200 359 rx.

157 471 285 564 aliquis
311 477 479 581 servetur,
511 465 613 561 (quot
640 469 736 539 enim
764 489 884 544 versus
909 468 1059 543 suntin
1084 467 1200 551 Iliade,

157 597 214 659 tot
236 609 279 658 ea
301 584 539 679 cogitantibus
563 583 717 655 subeunt
737 583 911 677 animum)
935 583 1202 665 consideremus,

52 751 57 762 -
157 703 281 796 primo,
310 723 477 792 quaeres
504 699 576 781 ille,
599 699 698 770 velut
724 706 870 780 amator,
893 721 1035 771 narrare
1057 698 1202 791 gestiat3

157 818 296 899 deinde,
313 837 483 907 quasnam
505 816 729 907 potissimum
751 814 999 897 similitudines
1021 815 1150 906 cupide
1166 837 1203 885 ac

158 934 311 1005 libenter
330 933 490 1014 intexat;
518 939 709 1023 postremo,
721 955 791 1022 quo
814 953 945 1024 genere
964 931 1203 1022 dicendi,un

159 1050 347 1122 verborum
364 1047 510 1118 modulo
529 1048 693 1140 gaudeat.

209 1165 334 1256 Atque
359 1172 400 1233 ut
426 1163 509 1234 iude
534 1186 672 1234 sumam
699 1164 945 1254 initiumque
972 1172 1011 1233 et
1037 1165 1205 1256 principia

160 1281 280 1352 omnia
303 1287 340 1349 et
361 1279 480 1349 exitus
503 1279 597 1370 apud
619 1279 705 1349 istos
721 1277 883 1347 homines
905 1287 988 1348 sunt
1012 1278 1203 1351 referendi:

162 1395 372 1477 Homerum,
390 1395 451 1465 ubi
474 1418 530 1466 res
553 1393 698 1468 bellicas
721 1401 850 1476 narrat,
867 1393 974 1485 plane
995 1393 1204 1466 bellantium

160 1519 278 1603 partes
291 1510 447 1591 induere,
461 1518 498 1579 et
516 1509 663 1583 mirifice
675 1510 718 1581 iis
729 1511 829 1601 quasi
842 1505 1063 1604 συμπάσχειν,
1077 1532 1205 1591 omnes,

161 1633 203 1696 ut
223 1626 357 1717 opinor,
378 1626 548 1696 sentiunt.
602 1625 674 1716 (Sit
701 1626 797 1695 enim
821 1627 924 1696 venia
946 1624 1072 1696 Graeco
1090 1625 1205 1705 verbo,

160 1741 328 1833 quoniam
363 1740 501 1813 Latinis
539 1742 577 1811 iu
617 1741 684 1813 hac
708 1763 762 1816 ,re
801 1764 873 1811 non
912 1740 1016 1813 facile
1051 1741 1206 1836 suppetit

161 1859 257 1949 quod
274 1858 437 1949 dicatur.)
481 1854 692 1952 Συμπάσχει,
710 1857 865 1948 iuquam,
878 1856 1117 1929 ⁴bellatoribus
1139 1857 1206 1929 suis

163 1973 352 2055 Homerus,
371 1996 443 2042 non
466 1996 536 2064 quo
553 1973 675 2047 dedita
695 1996 801 2064 opera
825 1972 958 2044 Martia
980 1996 1052 2065 prae
1074 1975 1206 2045 caeteris

162 2088 311 2181 elegerit
336 2087 473 2169 studia;
499 2088 584 2179 quin
609 2089 728 2181 potius
755 2110 838 2158 eum
862 2087 1017 2160 declarat
1040 2091 1207 2172 animum,

161 2203 221 2274 ciri
259 2226 304 2272 ue
342 2204 531 2283 somnianti
558 2205 708 2295 ,quidem
741 2203 816 2275 ullo
853 2227 1009 2296 unquam
1048 2213 1207 2297 tempore

162 2320 355 2390 occurrerit
385 2319 454 2389 alia
484 2320 626 2390 virtutis
655 2329 693 2390 et
722 2319 845 2413 gloriae
875 2320 998 2400 forma,
1028 2330 1140 2412 atque
1168 2343 1207 2390 ea

163 2457 270 2526 quam
287 2443 371 2505 ante
389 2435 509 2505 oculos
525 2435 638 2506 indies
655 2436 811 2507 haberet.

227 2550 309 2623 Hoc
343 2550 431 2621 illud
468 2559 533 2634 est,
568 2552 662 2643 quod
698 2553 827 2623 eximie
863 2552 1023 2644 designat
1060 2551 1207 2646 rstuprantes

162 2688 281 2738 rerum
316 2677 495 2759 gestarum
530 2667 735 2759 scriptores:
760 2669 867 2761 quod
901 2669 961 2738 vix
995 2676 1033 2737 et
1066 2691 1114 2737 ue
1150 2668 1206 2737 vix

163 2781 308 2872 quidem
336 2782 533 2873 exprimere
564 2781 693 2865 valent,
717 2785 780 2875 ‚qui
805 2783 954 2874 posteris
980 2783 1208 2874 temporibus,

163 2897 304 2968 assidua
316 2899 476 2989 quamvis
489 2897 652 2982 lectione,
666 2908 702 2969 et
720 2899 862 2992 ingenio
876 2899 1031 2969 maxime
1044 2899 1207 2980 versatili,

163 3014 209 3084 ad
233 3016 357 3088 eadem
381 3016 553 3087 narranda
575 3039 652 3086 sese
674 3018 875 3110 accingunt.
927 3014 1009 3085 Hoc
1032 3016 1122 3086 illud
1146 3025 1206 3098 est,

162 3153 234 3221 quo
261 3139 399 3200 veteres
424 3133 634 3202 nostratium
662 3133 856 3213 cantilenae,
874 3133 947 3203 sive
973 3132 1042 3201 illae
1063 3133 1208 3203 Runicae

162 3245 246 3329 sint,
272 3247 345 3315 sive
366 3246 579 3330 Teutonicae,
607 3249 652 3318 ab
679 3249 856 3318 hodiernis
872 3248 1102 3317 imitatorum
1128 3271 1209 3340 ope-

163 3361 260 3430 ribus
277 3360 488 3453 discrepent.
541 3362 672 3455 Neque
692 3363 793 3433 enim⁴
805 3362 914 3432 Illum
935 3361 1084 3454 excipio,
1102 3385 1208 3453 quem

164 3498 228 3547 nos
250 3476 318 3547 hoc
343 3478 486 3548 biennio
508 3481 676 3550 amissum
700 3479 883 3572 lugemus:
910 3499 1113 3569 quanquam
1135 3480 1208 3569 ejus

161 3594 264 3682 quasi
303 3601 404 3666 tactu
445 3596 650 3666 revixerunt
688 3618 797 3688 paene,
837 3595 939 3665 nobis
978 3594 1209 3677 intuentibus,

165 3705 327 3778 Heroum
345 3708 629 3781 Occidentalium
648 3711 784 3782 saeoula.

214 3823 320 3907 Quod
333 3827 360 3896 si
378 3827 457 3918 quis
471 3851 637 3918 uuquam,
651 3828 686 3895 vi
704 3827 778 3897 sola
792 3826 1004 3908 Phantasiae,
1017 3827 1208 3917 accedente

161 3942 279 4012 fructu
297 3943 491 4015 doctissimi
515 3945 588 4026 otii,
607 3945 723 4036 potuit
747 3943 887 4013 abunde
910 3941 1074 4035 supplere
1095 3944 1209 4013 vicem

160 4078 278 4128 rerum
304 4079 326 4125 a
351 4079 388 4126 se
413 4057 573 4149 impense
601 4066 809 4139 amotarum,
834 4081 887 4127 nae
910 4058 940 4126 is
966 4064 1051 4139 erat,
1070 4054 1210 4129 Acade-

161 4170 256 4250 mici,
290 4192 396 4260 quem
432 4173 606 4243 diximus:
645 4195 751 4264 quem
790 4173 955 4263 equidem
989 4195 1061 4241 non
1095 4172 1209 4246 solum

156 4285 316 4368 honoris,
333 4286 395 4355 sed
419 4288 603 4374 etdoloris
627 4312 731 4360 causa
753 4311 922 4361 memoro.
976 4287 1097 4361 Nemo
1115 4291 1208 4358 enim
