2738 4866
166 307 229 369 184
296 308 398 386 Quare
411 307 561 371 Homeros
575 306 701 370 onlnem
713 305 887 389 diligentius
901 313 1026 368 narret:
1053 325 1149 366 rnna.
1163 323 1204 365 rx.

253 525 256 532 ,
333 443 437 541 Ἕκτωρ
450 471 478 524 δι’
489 468 635 540 πρύμνηθεν
646 469 702 524 isset
712 471 802 537 λάβεν,
814 470 874 540 οὐχὶ
885 469 976 538 μεθίει,

340 557 480 627 ὅφλαστον
490 556 555 625 μετὰ
566 556 660 626 χερσὶν
671 556 745 626 ἔχων,
758 556 861 625 Τρωσὶν
871 555 901 609 δὲ
912 554 1025 609 κε’λευεν·

339 639 426 696 οἴσετε
437 644 499 710 πῦρ,
510 640 562 709 ἅμα
575 640 597 695 δ’
610 641 683 695 αὐτοὶ
693 639 802 696 ἀολλέες
812 639 895 711 ὄρνυτ’
907 639 995 708 ἀϋτήν·

339 731 383 781 νῦν
394 726 454 795 ἡμῖν
463 728 566 781 πάντων
578 727 640 782 anr
651 726 723 793 ἄξιον
734 725 802 796 ἦμαρ
814 725 915 788 ἔδωκεν,

276 834 279 839 ·
339 816 400 882 νῆας
411 815 489 876 ἑλεῖν,
502 812 528 867 αἳ
540 813 616 882 δεῦρο
628 812 694 866 θεῶν
704 811 790 879 ἀέκητι
801 813 939 896 μολοῦσαι,

337 898 397 968 ἡμῖν
406 897 510 968 σήματα
520 899 609 953 πολλὰ
621 897 710 961 θέσαν,
723 899 841 965 κακότητι
851 898 988 968 γερόντων·

337 985 363 1038 οἱ
373 983 399 1054 μ’
412 982 537 1039 ἐθέλοντα
548 984 679 1055 μάχεσθαι
690 983 732 1038 ε’πὶ
744 982 874 1055 πρύμνῃσι
886 983 999 1047 νέεσσιν,

337 1069 416 1124 αὐτὸν
426 1069 448 1124 τ’
461 1069 647 1139 ἷσχανιίασκον,
660 1067 795 1138 ἐρητύοντό
807 1091 836 1123 τε
847 1071 920 1123 λαόν.
958 1113 962 1119 .

163 1157 349 1250 Equidem,
383 1180 466 1231 oum
499 1158 567 1228 ista
600 1157 692 1250 lego,
725 1157 841 1226 sentio
875 1155 931 1224 vel
973 1156 1058 1246 ipsis
1092 1154 1204 1223 verbis

161 1271 386 1363 numerisque
413 1293 488 1340 rem
514 1271 615 1366 *quasi
649 1271 809 1350 cominus
841 1270 910 1361 agi,
962 1267 1044 1339 Neo
1070 1269 1109 1336 in
1136 1267 1206 1335 ulla

160 1393 261 1477 parte
286 1385 475 1455 luculentae
499 1385 593 1454 illius
618 1385 764 1476 pieturae
795 1381 977 1475 (quoniam
1003 1383 1050 1450 de
1076 1381 1205 1464 talibus

155 1498 321 1588 judicant
345 1505 386 1588 et
415 1498 585 1589 imperiti)
613 1519 759 1566 manum
794 1496 889 1567 bello
922 1497 1119 1567 exercitam
1148 1496 1205 1566 de·

161 1611 287 1681 sidero.

211 1723 351 1796 Verum
373 1725 411 1794 in
432 1725 633 1816 hujusmodi
651 1725 890 1817 disputatione
915 1723 1072 1793 maxime
1095 1722 1205 1791 domi-

160 1850 299 1922 nantur,
325 1863 403 1930 quae
427 1841 574 1910 minime
605 1840 750 1909 ornandi
777 1839 891 1931 gratia
916 1846 997 1907 sunt
1025 1836 1203 1906 adhibita:

160 1955 292 2046 quippe
319 1977 400 2044 quae
433 1977 568 2024 meram
601 1953 760 2024 redolere
793 1953 979 2022 videantur
1008 1951 1204 2021 veritatem.

161 2066 244 2150 Quo
270 2069 308 2136 in
334 2090 443 2137 censu
472 2068 635 2138 habenda
662 2076 746 2138 sunt
779 2090 822 2136 ea
847 2089 925 2157 quae
958 2065 1088 2157 passim
1116 2066 1205 2135 fiunt

161 2181 266 2250 obvia
291 2182 335 2251 de
358 2181 561 2252 vulneribus
587 2183 746 2264 heroum,
764 2181 922 2271 lethique
944 2179 1075 2260 formis,
1097 2180 1204 2248 etiam

159 2303 268 2387 atque
297 2298 407 2366 etiam
441 2297 486 2366 de
519 2297 693 2366 industria
728 2295 880 2365 variatis.
936 2292 1106 2363 Mirabile
1141 2302 1204 2374 est,

160 2433 268 2501 quam
294 2411 504 2504 diligentem
534 2413 572 2479 in
606 2434 649 2480 ea
678 2433 716 2479 re
742 2410 899 2502 posuerit
929 2430 1092 2499 operam:
1128 2430 1204 2499 quae

161 2526 306 2615 quidem
331 2547 387 2595 res
412 2525 514 2595 nobis
539 2525 739 2618 legentibus
760 2547 882 2615 parere
907 2522 997 2592 solet
1022 2522 1204 2591 fastidium

161 2662 233 2708 non
255 2638 345 2709 leve.
398 2638 613 2730 Hujusmodi
635 2648 736 2709 extat
761 2639 898 2730 insigne
927 2638 1108 2728 specimen
1130 2638 1204 2727 ipso

161 2755 227 2823 sub
254 2754 356 2823 initio
386 2754 501 2843 quinti
535 2754 626 2823 libri.
686 2753 797 2823 Versa
823 2753 989 2821 videlicet
1017 2753 1054 2820 in
1084 2751 1204 2843 fugam

159 2863 388 2955 Trojanorum
406 2866 491 2946 aoie,
509 2864 643 2933 multus
666 2865 703 2932 in
723 2886 766 2932 eo
784 2864 825 2932 fit
849 2863 970 2944 Poeta,
993 2873 1035 2932 ut
1062 2862 1205 2932 vulnera

159 2977 378 3070 singulorum
395 2985 586 3046 recenseat.
618 2976 698 3060 Quo
712 2977 817 3057 facto,
828 2979 927 3067 quasi
938 2979 1107 3047 doeemur
1119 2983 1204 3068 quot

159 3092 233 3160 fere
255 3090 438 3182 plagarum
457 3091 646 3183 generibus
663 3099 764 3183 terga
781 3091 994 3183 fugientium
1019 3092 1106 3160 oaedi
1127 3114 1205 3182 pos-

159 3202 241 3270 sint.
310 3200 465 3270 Mirifioa
504 3225 588 3271 sane
625 3203 804 3284 sedulitas,
836 3203 868 3270 si
910 3201 1016 3270 solius
1051 3200 1204 3270 Poeticae

157 3315 332 3384 rationem
354 3315 503 3385 habeas:
539 3317 601 3386 sed
626 3317 712 3386 facit
738 3338 781 3384 ea
805 3338 860 3384 res
885 3315 1021 3406 insigne
1047 3315 1204 3383 veritatis

159 3428 351 3511 indicium3
393 3430 589 3520 praesertim
633 3452 715 3498 eum
757 3430 825 3498 isto
868 3427 1004 3521 saeculo,
1046 3429 1204 3497 nondum

158 3543 278 3612 divisis
303 3543 434 3612 civium
459 3543 673 3624 muneribus,
704 3565 784 3612 suos
802 3543 963 3632 'quisque
976 3555 977 3558 ’
992 3541 1204 3611 bellatorum

158 3655 279 3748 plagas
313 3666 351 3726 et
385 3679 486 3725 nosse
521 3657 644 3726 solitus
678 3658 733 3738 sit,
764 3665 812 3739 et,
842 3664 884 3725 ut
917 3656 955 3724 in
988 3678 1026 3724 re
1058 3657 1204 3747 trepida,

158 3794 292 3841 curare.
343 3772 471 3861 ltaque
492 3794 614 3841 omnes
635 3772 703 3840 illae
724 3772 949 3853 narrationes,
966 3794 1044 3860 quae
1061 3771 1204 3862 quidem

157 3865 387 3954 creberrimae
408 3894 500 3967 sunt,
529 3886 758 3955 vehementer
787 3887 922 3974 faciunt
951 3909 1034 3955 oum
1060 3887 1115 3968 iis,
1144 3885 1204 3975 qui

158 3995 360 4067 Homerum
385 3999 482 4068 haud
511 4001 737 4090 inexpertum
768 4000 812 4068 de
840 3999 1084 4091 praeliantibus
1110 4000 1204 4090 loqui

151 4109 324 4200 judicant,
339 4113 400 4183 sed
418 4114 455 4181 in
473 4114 612 4205 proprio
625 4115 778 4206 quodam
795 4136 921 4206 eampo
933 4136 1015 4184 oum
1033 4114 1151 4184 studio
1168 4122 1205 4184 et

158 4244 276 4293 amore
293 4227 473 4295 exerceri.¹
