2738 4866
162 334 227 397 284
549 334 653 398 Pootoe
667 335 828 409 Minorem
1040 358 1206 402 rennxvn

162 532 341 602 exponere
365 510 532 581 videntur
554 511 735 604 Sapphico
750 536 829 605 quie
846 521 1020 584 vocentur
1045 518 1206 600 carmina,

161 625 291 716 purtim
317 625 448 696 crebris
476 626 607 697 ictibus
632 635 670 697 et
692 628 791 718 quasi
818 628 1033 721 singultibus
1056 630 1206 714 effracta,

162 741 301 832 purtim,
328 741 426 811 velut
452 765 537 811 aure
561 743 728 825 secunde,
744 743 908 814 celeriter
927 752 966 815 et
991 746 1208 836 aequabiliter

162 855 393 926 decurrentiu
454 854 579 948 Atque
616 857 693 928 haec
731 881 803 928 une
835 860 985 929 fortasse
1021 859 1206 930 Graiorum

161 972 319 1062 putanda
343 980 398 1042 est
427 972 614 1042 minimum
641 973 686 1044 ob
712 972 872 1044 Homero
898 975 1075 1046 didicisse.
1126 975 1204 1047 Vox

163 1084 284 1156 Poetae
310 1087 417 1157 virilis
442 1095 479 1156 et
505 1095 602 1157 caste
626 1111 709 1159 cum
734 1088 860 1160 AEoliis
885 1089 1064 1160 fluoribus
1087 1114 1204 1182 pamm

161 1204 374 1274 concordare
406 1210 556 1293 poteret.
617 1203 784 1274 Testetur
815 1212 936 1275 eutem
972 1205 1089 1275 omnis
1121 1206 1205 1275 enti-

161 1318 286 1409 quitas‚
315 1318 419 1387 nimis
449 1340 531 1387 vero
557 1340 637 1387 eam
666 1319 857 1388 cecinisse:
893 1319 1014 1409 itaque
1042 1320 1080 1388 in
1107 1320 1203 1390 rebus

161 1432 355 1503 inhonestis
379 1443 417 1503 et
441 1433 644 1504 miserrimis
668 1435 819 1505 emeruit
844 1433 910 1503 sibi
932 1441 1118 1525 utcunque
1140 1434 1204 1526 pri·

161 1549 280 1617 meriae
296 1570 438 1617 nomen.

212 1663 443 1734 Considerate
467 1685 562 1732 nunc
584 1661 703 1744 elium,
725 1684 831 1752 quem
856 1661 964 1754 pleno
988 1672 1135 1754 pectore
1159 1662 1205 1732 lo·

162 1785 286 1848 cutum
303 1779 387 1849 setis
404 1779 589 1848 confirmet
605 1795 697 1847 unus
714 1777 775 1846 ille
792 1795 912 1847 versus
930 1775 1086 1862 Horatii,
1110 1788 1130 1819 “
1141 1777 1204 1847 Ar·

161 1894 362 1965 chiloohum
392 1896 534 1986 proprio
567 1895 681 1964 rabies
706 1895 857 1964 armavit
887 1894 1047 1964 lembo?
1115 1894 1204 1964 Illud

161 2011 305 2101 quidem
322 2007 444 2092 rabies,
462 2033 585 2080 vereor
606 2032 652 2079 ne
669 2010 792 2079 durius
808 2010 854 2078 sit
870 2009 1018 2091 dictum,
1037 2011 1204 2101 siquidem

162 2126 401 2216 conjecturem
428 2148 554 2218 cepere
570 2125 655 2195 licet
671 2125 716 2194 eb
733 2123 977 2194 Archilocheis
994 2148 1076 2216 quse
1093 2148 1206 2218 super·

162 2247 254 2308 sunt.
307 2238 487 2311 Videlicet
513 2263 636 2309 eorum
657 2247 712 2309 est
734 2240 847 2309 acrior
869 2239 1014 2330 quidem
1042 2262 1158 2322 sonus,
1180 2241 1205 2310 is

161 2363 292 2437 temen,
322 2355 383 2446 qui
416 2356 601 2448 mitigetur
633 2355 824 2424 tenerrimo
858 2377 963 2425 sensu
993 2356 1206 2427 conditionis

160 2469 264 2560 hujus
283 2469 432 2551 vivendi,
451 2470 686 2562 humanaeque
703 2471 906 2562 fragititetis
917 2465 944 2539 ¹¹.

300 2653 371 2722 θυμέ,
384 2653 441 2722 θυμ’
454 2653 610 2723 ἀμηχάνοισι
622 2652 728 2721 κήδεσιν
739 2654 873 2722 κυκώμενε,

299 2740 384 2809 ἄνεχε,
397 2739 544 2808 δυσμενέων
555 2738 577 2792 δ’
590 2739 683 2808 ἀλέξεο
694 2739 856 2809 προσβαλὼν
868 2737 982 2792 έναντίον

301 2823 418 2893 στέρνον,
432 2824 459 2878 έν
471 2824 586 2879 δοκοῖσιν
598 2824 699 2895 ἐχθρῶν
710 2824 825 2892 πλησίον
836 2824 1006 2882 κατασταθεὶς

299 2910 450 2980 ἀσφαλέως·
470 2909 512 2964 καῖ
522 2909 586 2979 μήτε
599 2912 673 2964 νικὼν
683 2910 806 2983 ἀμφάδην
817 2910 942 2981 ἀγάλλεο,

298 2997 362 3064 μηδὲ
374 2995 485 3064 νικηθεὶς
495 2995 522 3049 έν
533 2993 594 3069 οἴκῳ
606 2997 758 3051 καταπεσὼν
769 2995 870 3066 ὀδύρεο·

298 3084 368 3136 ἀλλὰ
379 3082 517 3153 χαρτοῑσίν
528 3104 556 3136 τε
568 3086 653 3153 χαῖρε,
666 3083 707 3136 καὶ
719 3085 836 3137 κακοῖσιν
847 3082 955 3152 ἀσχάλα

298 3169 332 3238 μὴ
344 3170 410 3238 λίην·
429 3169 558 3239 γίγνωσκε
570 3167 592 3222 δ’
605 3166 660 3224 οἶος
670 3168 768 3240 ῥυθμὸς
779 3168 928 3239 ἀνθρώπως
939 3168 1003 3237 ἔχει.

159 3329 261 3398 ldem
284 3354 353 3421 quo
380 3330 483 3399 oculo
509 3330 637 3399 caelum
664 3340 701 3399 et
728 3338 837 3399 terras
863 3329 1128 3421 contemplatus
1150 3333 1201 3412 sit,

159 3448 270 3519 disces
295 3449 339 3518 ab
357 3447 469 3518 altero
491 3445 658 3540 λειψάνῳ,
672 3448 768 3540 quod
785 3448 836 3517 eis
852 3448 1049 3538 praesertim
1067 3448 1201 3518 Criticis

158 3566 445 3636 commendatum
471 3565 588 3648 velim,
614 3565 675 3655 qui
700 3573 833 3657 negent
861 3586 1010 3632 remex
1036 3586 1081 3633 ee
1105 3573 1200 3657 parte

156 3678 307 3749 feliciter
322 3682 466 3752 cessisse
484 3680 664 3750 veteribus
681 3680 802 3750 Poetis
811 3674 832 3745 ¹.

297 3864 393 3936 ffis’x'
404 3863 461 3935 dpa·
479 3864 561 3930 βαθὺς
571 3867 622 3936 γὰρ
634 3866 682 3933 ἤδη
695 3863 805 3934 κύμασιν
816 3861 976 3934 ταράσσεται

296 3954 398 4008 πόντος·
417 3952 486 4023 ἀμφὶ
498 3950 520 4005 δ’
532 3951 598 4021 ἀκρὰ
608 3952 702 4021 γυρεὸν
713 3950 791 4021 ὀρθὸν
802 3948 906 4004 ἵσταται
918 3948 1006 4019 νέφος,

297 4041 369 4109 σῆμα
379 4045 511 4110 χειμῶνος·
530 4039 628 4110 κιχάνει
640 4037 662 4092 δ’
676 4038 705 4108 ἐξ
717 4034 841 4105 delmino
852 4036 947 4106 φόβος.

325 4232 337 4264 ⁴¹
351 4233 455 4304 Fragor.
468 4233 520 4287 xiv.
533 4251 576 4303 sp.
590 4232 723 4296 Gaisford,
737 4233 810 4288 Poet.
823 4230 892 4286 Min.
905 4238 925 4284 t.
935 4229 952 4284 i.
968 4245 1029 4300 294·

326 4318 335 4356 1
352 4319 420 4374 lbid.
432 4319 486 4374 xiii.
499 4338 526 4390 p.
540 4335 600 4390 293.
