2738 4866
165 340 1204 426 202ProcorwmccitimnportiuereadawnmtumOdgusec'oeumauxu.

163 515 387 606 ἠπειρωτικῶν.
443 512 538 595 Quid
565 515 612 582 sit
638 522 776 605 pontus,
804 515 988 600 nesciunt;
1029 537 1076 585 ne
1104 517 1207 608 dapes

163 629 305 720 quidem
328 627 401 698 sale
426 629 617 712 condiunt}
643 653 760 721 neque
785 629 875 700 adeo
892 631 1040 701 formam
1067 633 1207 726 navigii,

163 766 279 835 neque
305 766 482 813 remomm
512 767 616 813 usum
649 746 868 815 didicemnt:
908 747 994 836 quin
1028 756 1066 815 et
1099 748 1207 818 visam

163 859 254 928 forte
272 860 359 929 remi
373 859 563 951 palmulam
577 861 762 931 nominant
779 861 885 930 vanni
902 862 1045 932 rusticae
1057 871 1206 954 partem.

213 974 305 1056 Quae
335 975 453 1045 omnia
477 998 559 1045 cum
585 975 636 1046 ita
660 977 853 1047 narraverit
880 975 1002 1059 Poeta,
1028 988 1071 1046 ut
1103 980 1207 1048 scires

162 1113 244 1159 eum
280 1114 361 1160 cum
395 1091 512 1160 nautis
547 1091 688 1174 sentire,
723 1093 934 1162 mirantibus
968 1114 1044 1162 esse
1078 1093 1206 1163 alicubi

162 1213 334 1275 terramm
356 1206 516 1276 homines
537 1209 587 1276 rei
609 1209 762 1277 nauticae
784 1209 873 1278 adeo
895 1216 1083 1299 expertes3
1110 1209 1207 1277 addit

162 1331 198 1393 et
217 1322 304 1393 illud
323 1323 490 1393 clausulae
508 1322 597 1406 loco,
615 1325 709 1415 quod
729 1332 846 1393 nautae
869 1323 998 1394 solatio
1019 1324 1077 1406 sit,
1097 1322 1206 1393 Occa-

160 1462 246 1508 num
274 1442 351 1530 jam
384 1438 511 1508 ultimo
545 1440 766 1530 respicienti:
810 1461 886 1508 esse
929 1439 1054 1508 mortis
1098 1462 1207 1531 genus

162 1554 280 1648 Ulyssi
300 1555 417 1638 fatale,
435 1556 528 1646 quod
547 1556 673 1624 emori
692 1556 811 1626 veniat
835 1578 876 1625 ac
894 1555 1012 1649 pelagi
1027 1564 1205 1627 amantem

161 1671 306 1739 deceat:
640 1756 643 1760 Α

304 1823 432 1838 ........
453 1782 560 1839 θάνατος
572 1783 603 1838 δέ
612 1806 652 1839 τοι
665 1784 695 1851 ἐξ
706 1783 770 1839 ἁλὸς
782 1784 850 1857 αὐτῷ

300 1869 434 1940 ἀβληχρὸς
445 1871 515 1938 pana
526 1874 595 1926 ruine
607 1869 751 1934 ἐλεύσεται,
764 1869 793 1927 dc
805 1870 835 1924 κε’
845 1892 878 1924 σε
889 1869 975 1941 πέφνῃ

299 1954 373 2026 'pipo’
386 1954 436 2010 ὕπο
446 1959 549 2029 λιπαρῷ
562 1957 686 2028 ἀρημένον
688 1996 933 2013 ...............

160 2078 341 2167 Ejusmodi
360 2086 481 2148 autem
505 2079 636 2171 aliquid
654 2081 774 2149 venire
800 2104 871 2149 non
896 2102 974 2150 raro
1000 2081 1039 2149 in
1056 2087 1140 2151 vota
1164 2103 1203 2150 ac

159 2215 281 2283 preces
303 2203 500 2276 nautarum,
522 2195 566 2263 de
589 2195 762 2265 mortibus
779 2195 850 2265 suis
867 2205 904 2264 et
927 2195 1087 2287 exequiis
1113 2195 1204 2288 cogi·

160 2310 323 2390 tandum,
342 2318 471 2379 nomnt
489 2333 611 2380 omnes
628 2311 780 2381 nationis
797 2312 873 2402 ejus
890 2312 1006 2402 periti.

210 2523 388 2593 Absoluta
398 2527 473 2616 Jam
491 2525 553 2596 illa
568 2535 668 2618 parte
684 2525 874 2618 Odysseia,
888 2549 968 2617 quae
988 2533 1085 2595 terra
1102 2527 1204 2594 mari-

159 2660 228 2728 que
239 2638 416 2728 jactatum
435 2638 587 2730 Ulyssen
605 2639 774 2732 depingit,
789 2639 970 2707 veniamus
988 2638 1033 2708 ad
1051 2638 1202 2708 altemm

159 2756 257 2844 quasi
283 2753 474 2847 Tragoediae
504 2762 635 2836 actum,
661 2754 865 2825 Ithacenses
891 2777 945 2824 res
970 2752 1139 2824 videlicet
1163 2778 1201 2824 ac

159 2870 388 2941 domesticas:
415 2894 492 2962 quae
509 2871 634 2939 eodem
652 2869 756 2962 plane
773 2871 962 2960 pertinent,
977 2871 1146 2939 nimimm
1163 2879 1201 2938 ut

159 2984 271 3051 otium
284 2991 365 3075 post
378 2983 514 3052 labores
528 2985 788 3066 commendent,
799 3008 871 3053 uon
884 2984 1133 3077 qualecunque
1143 2986 1200 3056 sed

158 3099 232 3168 viro
250 3098 332 3167 forti
358 3099 546 3189 animoque
563 3121 645 3168 vere
670 3100 767 3191 regio
785 3099 942 3192 dignum.
995 3099 1083 3169 Non
1110 3101 1200 3170 enim

158 3211 271 3280 solum
297 3212 480 3281 revisenda
498 3220 573 3281 erat
590 3212 713 3303 patria,
731 3233 853 3280 vemm
872 3213 980 3282 etiam
1004 3213 1042 3280 in
1063 3213 1200 3282 liberta-

158 3333 232 3394 tem
262 3326 306 3394 ab
340 3326 575 3417 impurissimo
609 3326 827 3407 nebulonum
858 3334 954 3396 coetu
981 3327 1198 3396 vindicanda

159 3439 339 3515 Nimirum
357 3441 500 3510 fuerunt
524 3463 611 3531 quos
635 3462 678 3510 ea
703 3463 757 3510 res
782 3440 957 3522 fefellerit,
976 3442 1072 3530 quod
1091 3440 1199 3533 Odys-

157 3558 266 3626 seiam
288 3557 332 3625 ab
354 3555 466 3625 Iliade
487 3563 654 3647 putarent
680 3556 731 3625 ita
755 3556 977 3647 potissimum
995 3556 1197 3648 discrepare,

158 3680 200 3740 ut
218 3671 279 3740 illa
296 3671 450 3762 privatos
467 3671 561 3739 intra
576 3670 729 3761 parietes
741 3671 905 3739 universa
917 3669 1153 3750 contineatur,
1165 3669 1198 3736 in‘

156 3788 222 3857 hac
249 3810 304 3857 res
330 3797 455 3881 agatur
480 3788 631 3880 publica,
657 3811 792 3882 regum,
820 3788 962 3868 ducum,
990 3787 1199 3879 populomm

157 3904 319 3973 fortunae.
364 3905 487 3997 Atque
513 3905 550 3973 in
584 3927 627 3974 ca
662 3905 838 3974 sententia
858 3891 945 3984 fuit,
974 3900 1017 3971 ut
1052 3903 1198 3998 videtur,

156 4017 295 4088 Oriticae
312 4021 396 4090 artis
414 4021 580 4103 antistes3
607 4021 737 4111 quippe
754 4021 815 4111 qui
831 4020 923 4089 hanc
933 4019 1008 4088 fere
1022 4017 1198 4111 Odysseia

156 4155 329 4203 summam
348 4157 424 4205 esse
441 4144 613 4206 statuam:
632 4132 878 4216 ἆποδημοῦντός
894 4163 983 4209 τινος
999 4133 1057 4215 ἔτη
1076 4127 1197 4209 πολλὰ,

569 4356 578 4378 ¹
597 4349 638 4402 De
651 4348 724 4402 Poet.
738 4363 782 4417 30.
