2738 4866
213 302 255 364 46
401 304 544 386 Aapcric
559 304 700 386 qaedam
715 303 752 364 de
767 303 882 384 oripim
896 304 1027 368 Pocsccs.
1111 325 1205 364 rann.
1217 324 1257 364 rr.

213 472 352 561 proprie
371 493 522 560 vereque
535 471 667 539 dictam
685 495 755 539 non
773 471 838 539 nisi
857 471 962 560 plena
978 481 1099 540 mente
1116 474 1258 562 percipi,

214 595 251 654 et
278 587 329 653 ita
349 586 492 674 quidem
515 586 679 654 animatis
707 585 916 666 hominibus,
938 593 980 652 ut
1004 595 1183 675 nequeant
1210 596 1261 654 ta-

214 723 304 780 cere,
330 700 445 768 nolint
471 699 607 788 eloqui;
636 723 714 789 quac
739 708 859 768 autem
887 699 1087 788 voluptates
1113 721 1260 768 cumea

214 816 482 906 conjungantur,
508 814 721 905 multiplices
745 836 838 894 sane,
866 814 1006 903 lateque
1035 813 1178 894 diffusae,
1203 835 1260 882 eas

214 931 383 1020 siquando
397 930 549 998 Poeticae
563 929 795 1020 appellantur,
809 927 969 1022 δευτέρως,
982 936 1022 996 ut
1035 951 1117 996 cum
1130 928 1260 997 Graccis

214 1041 346 1132 loquar,
364 1048 401 1108 et
419 1041 586 1131 adoptivo
604 1042 702 1130 quasi
721 1044 862 1110 nomine
881 1042 1073 1132 appellari?

265 1155 395 1246 Neque
423 1179 506 1224 vero
535 1156 614 1225 haec
639 1157 689 1223 ita
715 1158 792 1245 quis
820 1156 995 1247 intelligat
1023 1156 1141 1236 velim,
1163 1157 1259 1246 quasi

215 1293 415 1360 quenquam
455 1269 500 1338 ab
540 1271 636 1337 omni
676 1279 776 1360 parte
810 1269 1021 1339 Primarium
1059 1271 1260 1341 habendum

214 1407 290 1453 esse
316 1385 537 1452 existimem:
566 1385 627 1473 qui
652 1384 786 1474 optime
810 1386 929 1467 sciam,
957 1388 1051 1476 operi
1076 1386 1184 1476 longo
1206 1383 1260 1452 vel

214 1498 447 1566 ardentissimi
477 1498 646 1588 cujusque
673 1499 763 1567 vatis
787 1498 938 1588 plurima
959 1496 1051 1592 ἔργα
1081 1504 1175 1589 (quac
1204 1522 1261 1565 vo-

215 1613 353 1701 cantur)
371 1610 452 1703 μέρη
470 1633 516 1679 ex
534 1612 745 1696 necessitate
762 1612 893 1680 innecti
912 1612 1043 1685 solere:
1067 1615 1261 1704 pracsertim

215 1746 296 1793 curn
321 1725 437 1794 vivida
460 1727 512 1794 vis
535 1726 677 1817 ingenii,
700 1734 886 1816 postquam
913 1727 1021 1795 semel
1048 1729 1083 1795 in
1107 1727 1262 1795 carmina

215 1839 381 1927 eruperit,
411 1839 540 1928 partim
570 1839 645 1929 ipsa
675 1838 728 1906 sui
760 1860 864 1907 sensu
895 1839 1103 1918 delectetur,
1134 1839 1262 1928 partim

215 1955 328 2022 varias
352 1954 521 2022 accendat
544 1954 765 2043 voluptates3
792 1976 853 2042 spe
877 1953 1010 2034 laudis3
1036 1974 1262 2020 numerorum

216 2068 423 2149 dulcedine3
466 2068 661 2159 imaginum
696 2070 867 2136 varietate
903 2090 944 2136 ac
979 2066 1262 2157 pulchritudine3

216 2205 433 2273 magnorum,
448 2183 506 2271 qui
524 2182 608 2250 olim
627 2176 734 2262 fuere,
754 2190 878 2258 vatum,
893 2181 1064 2249 memoria
1080 2190 1117 2248 et
1136 2179 1262 2248 aemulo

216 2297 369 2387 quodam
392 2317 521 2363 amore.
576 2293 648 2363 Sed
670 2318 741 2362 non
765 2295 936 2384 ejusmo'di
960 2318 1035 2362 rem
1059 2302 1262 2373 tractamus,

217 2434 295 2500 quae
313 2411 401 2478 adeo
419 2410 462 2478 ad
482 2409 601 2476 vivum
620 2409 768 2477 resecari
786 2409 924 2478 debeat.
977 2408 1043 2477 Ille
1069 2409 1171 2477 nobis
1197 2408 1263 2475 erit

216 2524 370 2615 primarii
393 2523 522 2590 ordinis
541 2521 662 2602 Poeta,
681 2545 797 2612 quem,
815 2545 897 2590 cum
920 2522 1079 2613 legimus,
1097 2521 1263 2612 pleraque

218 2637 388 2707 sentimus
417 2659 461 2704 ex
489 2637 596 2703 animi
627 2637 680 2704 sui
712 2639 846 2727 impetu
871 2637 1065 2726 scripsisse:
1101 2636 1161 2724 qui
1191 2636 1265 2726 ple·

218 2775 325 2842 raque
348 2751 461 2830 aliter,
486 2752 719 2819 secundarum
746 2752 813 2819 erit
840 2751 1012 2840 partium3
1040 2750 1182 2839 superet
1208 2749 1264 2817 hic

218 2866 444 2957 quantumvis
470 2865 623 2955 ingenio,
650 2875 687 2932 et
713 2865 817 2932 rebus
843 2865 889 2933 sit
914 2863 1063 2955 gravior,
1087 2870 1124 2930 et
1151 2862 1264 2931 verbis

219 2981 443 3072 splendidior.

271 3207 359 3275 Hace
385 3206 590 3295 omniaque
614 3205 771 3296 planiora
791 3208 888 3285 fiant,
911 3205 1149 3274 accedendum
1171 3204 1267 3272 vide-

222 3331 280 3390 tur
306 3322 350 3389 ad
374 3321 449 3410 ipsa
472 3321 597 3389 divinae
621 3320 706 3388 artis
730 3319 951 3400 incunabula,
974 3320 1198 3406 breviterque
1223 3317 1266 3384 de

224 3437 375 3504 Poeseos
398 3435 542 3526 origine,
571 3442 648 3501 tum
670 3435 754 3523 quid
778 3435 868 3501 ratio
895 3435 1051 3512 edoceat,
1079 3441 1158 3499 tum
1182 3430 1268 3520 quid

222 3550 413 3639 antiquitas
432 3550 608 3616 memoriae
626 3548 855 3628 mandaverit,
875 3547 1126 3615 disserendum.
1156 3543 1167 3561 ⁹

274 3666 444 3744 Primum,
462 3666 499 3733 id
522 3667 617 3754 quod
640 3666 741 3732 initio
759 3665 922 3744 diximus,
941 3663 1028 3732 nihil
1049 3663 1176 3730 rationi
1195 3670 1268 3729 tam

224 3789 510 3860 consentaneum,
549 3803 655 3869 quam
694 3780 880 3847 commotis
918 3779 1043 3848 animis
1082 3778 1190 3845 verba
1229 3797 1269 3844 ac

224 3917 347 3964 voces:
375 3918 452 3985 quae
478 3894 506 3963 si
532 3893 641 3963 semel
667 3901 817 3973 tantum,
836 3893 928 3960 forte
945 3893 1095 3982 quadam
1118 3914 1163 3959 an
1185 3891 1270 3958 divi-

225 4010 321 4077 nitus
356 4010 480 4086 dicam,
511 4008 547 4074 in
581 4030 746 4076 numeros
775 4008 968 4096 modosque
997 4005 1206 4086 inciderint3
1242 4005 1270 4072 si

226 4123 347 4203 semel,
371 4145 463 4190 novo
486 4123 583 4212 quasi
608 4122 702 4203 ludo,
724 4122 870 4190 mulceri
893 4144 930 4189 se
954 4143 1053 4188 mens
1076 4141 1168 4210 aegra
1195 4141 1272 4187 sen-

227 4238 330 4318 serit3
356 4235 485 4303 mirum
504 4237 539 4302 ni
558 4257 600 4304 ca
617 4237 740 4325 saepius
760 4245 887 4303 vexata
905 4235 1033 4324 saepius
1053 4234 1178 4301 eadem
1197 4255 1271 4302 ver-

227 4372 304 4420 sare
329 4358 441 4430 aveat,
468 4372 579 4438 usque
605 4373 659 4447 eo
676 4350 835 4440 repetitis
859 4349 1069 4438 variatisque
1097 4346 1270 4424 clausulis
