2738 4866
207 325 249 384 la
366 324 485 401 Posala,
501 323 693 387 Medicinam
707 324 862 408 quondam
875 304 1079 386 rocteluder'a‘.
1124 343 1220 386 ruat.
1236 345 1257 424 ¹.'

208 493 444 565 Verecundiae
469 516 561 575 vero,
596 503 634 562 et
663 494 820 564 honesta
853 493 917 575 illi,
947 517 1053 585 quam
1089 495 1254 578 diximus,

205 609 294 679 lucis
319 609 509 689 formidini,
531 609 592 699 qui
618 618 737 699 potest
762 609 898 679 consuli
923 608 1063 690 melius·
1078 632 1184 699 quam
1211 618 1254 678 ut

204 748 268 816 per
297 747 355 794 eas
389 725 566 816 ambages,
595 748 680 815 quas
711 727 845 816 optime
872 732 1002 793 norunt
1030 723 1171 805 Poetae‚'
1188 749 1251 794 seu

204 842 415 910 commotior
444 841 581 909 animus
612 841 685 909 sive
716 835 842 909 elatior
871 840 953 930 quid
985 840 1051 908 sibi
1078 839 1165 908 velit
1196 850 1253 908 ut.

203 979 342 1046 cunque
368 955 557 1044 expediat?
609 955 705 1025 Elati
729 968 826 1025 certe
846 955 908 1037 illi,
927 964 1039 1046 atque
1064 956 1100 1023 in
1126 954 1253 1024 altiora

203 1071 332 1151 omnia,
360 1094 457 1140 coeco
488 1093 687 1160 quanquam
717 1080 831 1153 motu,
860 1073 1060 1151 tendentes,
1090 1071 1251 1140 mirabile

203 1193 258 1255 est
275 1164 381 1275 quam
398 1184 519 1253 felices
536 1185 714 1253 interdum
728 1186 794 1254 sibi
812 1186 1007 1276 repererint
1025 1186 1152 1264 exitus,
1167 1207 1249 1253 cum

202 1301 278 1391 ipsa
294 1322 522 1369 numerorum
540 1307 578 1368 et
597 1323 721 1368 vocum
743 1301 900 1393 vestigia,
912 1309 955 1369 ut
969 1322 1116 1391 quaeque
1134 1301 1248 1390 primo

203 1416 443 1496 occurrebant,
478 1436 544 1483 ceu
575 1415 674 1483 iilum
711 1415 851 1505 aliquod
884 1415 1105 1506 Labyrinthi‚
1136 1424 1249 1484 secta-

184 1540 333 1624 rentur.
377 1529 511 1598 Deerat
528 1530 694 1598 nimirum
713 1532 806 1620 quod
824 1531 917 1599 inter
933 1529 1031 1598 mille
1049 1531 1122 1599 vias
1140 1554 1247 1600 uuam

201 1648 377 1737 quandam
407 1644 605 1737 eligendam
636 1653 867 1735 proponeret3
902 1645 939 1712 id
965 1646 1059 1736 quod
1086 1653 1249 1736 tempora

200 1760 262 1830 illa
290 1770 388 1831 certa
417 1770 523 1850 atque
548 1761 673 1828 modos
704 1759 759 1829 vel
790 1782 918 1850 perse
947 1767 1112 1851 praestare
1134 1783 1246 1851 posse,

200 1877 312 1945 cuivis
329 1876 364 1943 iu
383 1884 548 1967 promptu
567 1886 621 1944 est
638 1874 846 1966 intelligere.

250 1992 369 2074 Quare
391 1991 578 2058 medicinae
599 1988 746 2079 alicujus
762 1989 841 2059 loco
859 1990 1026 2059 divinitus
1044 1990 1080 2058 in
1104 2012 1168 2059 nos
1187 1989 1247 2059 de-

199 2106 307 2196 lapsae
341 2106 664 2196 praestantissimam
693 2104 847 2174 Poeticae
882 2100 995 2173 artem
1030 2105 1244 2175 habeamus:

199 2245 276 2312 quae
294 2221 423 2289 mentis
444 2219 648 2289 affectiones
666 2219 822 2289 occultas
839 2222 890 2288 ita
911 2229 1020 2301 curet,
1039 2229 1142 2289 utne
1160 2222 1246 2312 quid

199 2346 320 2406 tamen
340 2336 465 2426 pudori
484 2335 622 2416 officiat,
640 2335 941 2405 tumultuantibus
958 2336 1009 2403 ita
1025 2334 1143 2404 locum
1162 2359 1245 2405 con-

199 2452 312 2534 cedat,
329 2459 370 2519 ut
387 2451 517 2519 ordinis
535 2458 572 2518 et
589 2451 840 2519 moderationis
856 2451 1055 2520 admoneat.
1100 2451 1181 2533 Quo
1205 2453 1242 2521 in

197 2588 327 2658 genere
353 2587 434 2633 cum
465 2563 669 2654 praeclarum
695 2565 770 2655 ejus
800 2587 902 2634 usum
932 2588 1054 2634 omnes
1081 2589 1153 2635 uno
1182 2590 1244 2637 ore

198 2680 428 2762 laudaverint,
442 2679 586 2760 nemini,
599 2680 692 2769 quod
712 2679 830 2759 sciam,
844 2681 881 2747 in
899 2688 1058 2749 mentem
1074 2682 1183 2763 veuit,
1197 2683 1241 2751 ad

197 2796 394 2864 universam
420 2817 495 2862 rem
522 2794 725 2862 ordiendam
747 2803 854 2883 atquc
874 2795 910 2861 in
932 2816 1011 2862 suas
1036 2804 1154 2885 partes
1173 2796 1242 2865 dis-

196 2911 419 2980 tribuendam
440 2909 547 2977 istum
569 2910 744 2999 praecipue
766 2908 886 2998 locum,
905 2909 1082 2979 adhibere.
1135 2909 1240 2992 Quod

196 3038 315 3095 tamen
339 3034 376 3092 et
398 3024 473 3092 fieri
492 3045 594 3114 posse
616 3023 792 3104 existimo,
811 3034 849 3093 et
870 3047 941 3092 non
961 3024 1086 3093 inutile
1105 3026 1240 3095 factum

195 3142 280 3210 fore.
334 3139 376 3207 Id
402 3138 511 3231 igitur
536 3161 606 3228 qua
630 3148 755 3228 potero
782 3139 966 3230 diligentia
991 3163 1032 3209 ac
1057 3141 1127 3210 fide
1153 3165 1240 3233 prae-

194 3268 287 3326 stare
304 3253 391 3322 mihi
408 3262 463 3322 est
486 3253 716 3344 propositum.
770 3252 807 3320 N
809 3277 878 3322 unc
896 3277 1015 3323 meum
1034 3255 1100 3324 hoc
1118 3257 1239 3346 quale-

193 3393 333 3460 cunque
350 3368 532 3438 oonsilium
554 3368 661 3448 vobis,
677 3367 895 3449 Academici,
910 3378 1104 3459 vestraque
1122 3370 1239 3439 indul-

191 3486 329 3578 gentiae‚
361 3486 499 3553 tradere
525 3506 565 3553 ac
592 3484 839 3551 commendare
870 3482 996 3552 liceat:
1023 3506 1128 3574 quam
1155 3509 1237 3554 cum

191 3600 314 3669 multis
335 3600 373 3667 iu
395 3598 500 3666 rebus
527 3597 706 3687 cognitam
736 3604 844 3687 atque
870 3610 1091 3688 perspectam
1115 3598 1237 3682 habui,

191 3733 268 3788 tum
286 3724 384 3786 certo
402 3715 484 3795 scio,
501 3735 682 3802 uunquam
702 3711 800 3781 illam
819 3713 1032 3803 denegatum
1056 3714 1110 3794 iri,
1128 3715 1235 3804 siquis

190 3831 322 3926 ingenii
349 3853 421 3898 non
448 3828 627 3896 industriae
658 3825 762 3917 culpa
789 3827 827 3894 in
862 3850 1014 3895 errorem
1050 3829 1233 3898 inciderit:

190 3970 319 4037 vosque
343 3946 447 4013 enixe
470 3966 555 4034 rogo
581 3950 688 4032 atque
712 3966 782 4023 cro,
807 3951 847 4010 ut
873 3966 971 4032 aequo
998 3966 1038 4012 ac
1060 3944 1234 4013 benevolo
1318 3977 1328 3986 ·

188 4063 305 4130 animo
323 4059 500 4127 dicentem
518 4057 679 4136 audiatis
698 4056 792 4124 dicta
802 4046 980 4146 judicetis.
