2738 4866
99 386 102 390 ¹
155 334 320 376 rnnnvn.
367 313 989 403 ⁸ntsusisserrrparmeliorandaecomana.
1163 321 1206 388 93

156 485 326 558 Hectoris
344 512 425 558 cum
442 513 554 560 uxore
571 513 634 560 sua
651 491 817 592 ὀαρίστυν,
830 517 948 562 nonne
961 494 1083 564 dedita
1100 517 1207 585 opera

156 602 339 670 antecedit
356 601 472 671 fratris
488 603 583 672 illius
601 601 798 698 δυσπάριδος
815 607 1038 700 objurgatio?

335 747 394 799 λαοὶ
405 748 452 816 μὲν
464 747 620 817 φθινύθουσι
631 752 691 820 περὶ
702 753 796 805 πτόλιν
808 751 868 805 αίπό
880 774 909 805 τε
920 755 1015 832 τεῖχος,

333 833 496 901 μαρναμέναι·
516 833 563 887 σέο
576 833 598 886 δ’
611 833 682 887 εἵνεκ’
695 834 758 903 ἀϋτή
771 858 798 889 τε
811 838 940 905 πτόλεμός
952 859 980 891 τε

335 916 402 970 ίίατυ
415 917 468 971 τόδ’
482 918 642 988 ἀμφιδέδηε·
661 958 861 973 ........

158 1037 294 1107 Nonne
325 1039 401 1130 jam
432 1041 663 1110 moribundus
697 1039 845 1125 Hector,
876 1044 1049 1133 expressis
1080 1042 1205 1122 verbis,

157 1154 337 1221 temerarii
354 1153 440 1222 belli
461 1175 501 1222 ac
520 1152 640 1222 violati
652 1156 742 1245 juris
765 1155 905 1246 culpam
929 1157 966 1224 in
992 1179 1030 1225 se
1055 1178 1207 1246 suosque

157 1269 307 1359 suscipit
324 1268 516 1360 Trojanos?

300 1429 323 1482 εί
335 1429 365 1482 δέ
376 1450 418 1483 κεν
429 1429 528 1483 ἀσπίδα
539 1431 586 1498 μὲν
597 1429 759 1499 καταθείομαι
771 1431 971 1500 ὀμφαλόεσσαν,

300 1515 341 1568 καὶ
353 1516 448 1583 κόρυθα
459 1515 577 1584 βριαρὴν,
590 1516 653 1584 δόρυ
666 1516 694 1568 δὲ
705 1517 771 1582 πρὸς
782 1519 867 1586 τεῖχος
880 1517 991 1586 ε’ρείσατ,

299 1601 376 1656 αὐτὸς
386 1598 432 1654 ’ίαν
442 1600 565 1671 Ἀχιλῆος
576 1599 704 1670 ἀμύμονος
716 1601 800 1657 ἀντίος
812 1603 891 1674 stop,

300 1687 342 1739 καὶ
353 1688 378 1738 αἶ
389 1688 545 1755 ὑπόσχωμαι
555 1685 662 1754 Ἑλένην
674 1688 715 1740 καὶ
727 1686 831 1756 κτήμαθ
844 1686 885 1756 ἅμ’
899 1688 962 1756 αὐτῇ

299 1774 384 1826 πάντα
394 1770 464 1840 μάλ’,
477 1771 549 1826 ὅσσα
561 1771 582 1825 τ’
594 1771 767 1841 Ἀλέξανδρος
779 1773 866 1838 κοίλῃς
879 1773 915 1824 ε’νὶ
927 1774 1018 1840 νηυσὶν

300 1858 410 1928 ηγάγετο
422 1855 537 1925 Τροίηνδ’
538 1896 547 1920 ,
559 1855 606 1924 ἤτ’
619 1858 713 1911 ἔπλετο
726 1857 820 1912 νείκεος
831 1857 908 1926 ἀρχὴ,

301 1943 418 2012 δόσεμεν
428 1941 592 2012 Ἀτρείδῃσιν
602 1943 674 2013 ι’ίγειν
681 1941 701 1973 ¹³·
722 1982 839 1995 .....

158 2081 213 2152 Ut
237 2083 319 2173 jure
349 2083 502 2172 quodam
530 2080 639 2172 plecti
669 2082 839 2162 videatur,
870 2083 930 2170 qui
960 2103 998 2150 se
1028 2081 1206 2151 addixerit

157 2196 300 2266 nefariae
317 2219 440 2278 causae,
459 2198 592 2287 pietate
610 2195 694 2265 licet
712 2195 917 2285 meritisque
934 2197 1168 2287 gravissimus.

210 2309 299 2379 Haec
325 2332 438 2402 pauca
466 2311 510 2378 de
534 2309 656 2378 multis
683 2308 826 2400 protuli,
850 2310 977 2398 quibus
1006 2308 1205 2377 Homerum

157 2425 193 2494 id
221 2427 335 2517 egisse
360 2425 521 2504 dixerim,
539 2432 580 2493 ut
600 2425 692 2492 bena
714 2423 848 2491 vellent
869 2423 1029 2491 homines
1048 2422 1206 2504 Achivis,

157 2549 236 2608 tum
255 2563 337 2608 oum
354 2541 510 2608 maxime
524 2537 675 2608 Hectori
694 2540 862 2607 faverent.
906 2538 1044 2619 Quibus
1063 2539 1207 2607 omnino

158 2664 437 2725 consentaneum
463 2654 614 2736 videtur,
635 2677 728 2734 eum,
751 2654 787 2720 in
811 2675 949 2722 summa
969 2675 1110 2743 quoque
1133 2675 1208 2721 car-

158 2771 264 2839 minis
312 2770 504 2850 condenda„
550 2769 661 2837 totius
709 2767 897 2837 Graiorum
943 2768 1068 2858 gentis,
1107 2767 1207 2835 velut

158 2885 281 2975 patriae
314 2906 397 2967 suae,
422 2882 586 2952 habuisse
617 2883 812 2951 rationem:
849 2882 958 2949 etde
987 2882 1208 2971 temporibus

159 3000 277 3068 Iliacis
312 3021 354 3066 ea
387 2999 453 3066 sibi
484 2997 707 3088 potissimum
738 2997 873 3089 legisse,
901 3019 978 3085 quae
1006 3018 1135 3087 magna
1160 3019 1206 3065 ex

156 3122 259 3205 parte
293 3121 373 3181 acta
412 3122 495 3181 sunt
534 3113 682 3180 absente
716 3110 882 3192 Achille3
925 3133 1076 3200 praesens
1101 3112 1205 3179 enim

156 3227 230 3309 ille,
259 3228 462 3319 praestantia
490 3249 553 3296 sua
579 3235 789 3295 caeterorum
816 3226 986 3295 virtutem
1013 3226 1118 3316 plane
1145 3228 1207 3295 ob-

158 3349 371 3411 scuraverat.

220 3569 293 3638 Sed
323 3570 582 3661 properandum
605 3571 682 3660 jam
712 3571 813 3640 nobis
842 3571 887 3639 ad
917 3571 1025 3661 ipsius
1055 3567 1207 3638 Achillis

158 3683 258 3762 ἢθοςε
294 3685 388 3774 quod
419 3693 456 3753 et
486 3708 549 3775 per
579 3707 616 3754 se
647 3685 939 3776 significationem
968 3684 1076 3752 habet
1102 3683 1207 3774 longe

159 3796 388 3866 clarissimam
407 3797 607 3867 Homericae
630 3798 767 3880 indolis,
792 3808 829 3867 et
855 3822 935 3868 cum
958 3797 1078 3894 fabula
1097 3797 1207 3865 totius

159 3912 282 3981 Iliadis
306 3912 358 3981 ita
381 3915 546 3984 convenit
572 3926 609 3984 et
635 3917 734 4005 quasi
762 3915 1021 3993 commiscetur,
1047 3920 1088 3980 ut
1115 3910 1207 3979 hanc

159 4028 349 4118 separatim
373 4027 418 4096 ab
440 4027 502 4097 illo
523 4037 675 4098 tractare
698 4052 769 4097 non
791 4027 893 4097 valde
911 4029 956 4096 sit
974 4027 1010 4093 in
1028 4034 1205 4116 promptu.

161 4141 280 4233 Igitur
318 4140 427 4232 (quod
464 4166 551 4234 pace
593 4142 844 4235 elegantissimi
879 4141 1002 4211 Critici
1042 4140 1207 4222 dixerim)

302 4293 316 4323 ⁸
335 4285 367 4340 ΙΙ.
380 4286 415 4339 vi.
428 4300 489 4356 327.
898 4283 909 4315 ¹¹
927 4284 991 4337 xxii.
1008 4299 1066 4336 111.
