2738 4866
159 351 248 391 rann.
259 349 326 390 xm.
385 350 450 404 msc,
465 349 535 412 quc
548 329 619 392 datio
632 329 781 393 amteatiae
796 338 973 412 repayaoat.
1140 327 1205 393 267

157 494 386 576 Crediderim,
410 499 564 588 inquam,
589 497 788 568 Homerum
814 499 851 566 in
874 498 940 567 hac
967 506 1066 588 parte
1089 521 1206 567 narra-

157 608 264 678 tionis
287 633 361 679 suae
382 613 469 704 nugi
486 612 639 701 quadarn
665 611 898 690 solicitudine,
917 635 962 680 ue
987 613 1078 680 forte
1099 635 1204 682 suum

156 721 244 791 illud
262 723 394 819 ἀκριβὲς
406 748 481 794 non
499 747 655 795 servasse
673 727 835 796 videatur
857 729 894 794 in
917 727 1119 818 regionibus
1136 727 1206 797 illis

157 837 398 930 depingendis.
452 840 580 930 Itaque
597 841 670 910 vim
688 840 786 909 illam
804 850 1004 931 aestumque
1017 841 1204 910 fluviorum

157 963 195 1021 et
216 952 351 1023 Oceani
374 955 448 1024 sive
464 955 568 1046 fingit
585 955 660 1023 sive
680 964 811 1038 narrat,
832 978 914 1024 cum
936 978 1065 1047 magno
1083 957 1207 1026 verbo-

158 1090 238 1136 rum
255 1070 417 1159 strepitu,
437 1092 507 1159 quo
523 1071 570 1138 sit
593 1093 656 1138 cur
680 1070 827 1139 minima
850 1071 1024 1138 mirentur
1046 1070 1206 1141 homines

124 1181 273 1279 ‚nullas
305 1184 470 1274 reliquias
504 1184 668 1253 immensi
702 1185 816 1275 operis
850 1193 998 1252 exstare.
1066 1184 1136 1267 Qui
1178 1187 1205 1254 si

157 1296 280 1367 multis
309 1298 385 1388 ipse
410 1298 545 1366 saeculis
571 1298 695 1366 linisset
720 1321 741 1368 a
766 1299 916 1388 Trojano
944 1296 1039 1366 bello
1065 1299 1206 1380 divisus,

158 1419 298 1501 poterat
323 1412 455 1502 absque
481 1411 555 1480 ullo
581 1413 724 1502 negotio
751 1413 884 1482 causari
909 1412 1017 1503 ipsius
1039 1414 1208 1502 temporis

161 1525 337 1615 injuriam.

209 1639 292 1710 Jam
310 1641 370 1709 vix
387 1650 663 1710 consentaneum
684 1641 832 1721 videtur,
851 1642 910 1731 qui
929 1643 965 1708 in
990 1639 1208 1730 exponendis

161 1752 320 1824 locorum
349 1755 608 1824 mutationibus
635 1764 710 1824 tam
739 1755 902 1846 religiose
932 1776 1074 1844 operam
1105 1776 1209 1844 posu-

159 1870 240 1950 erit,
275 1870 429 1938 eundem
464 1870 568 1963 plane
604 1871 753 1938 tacitum
790 1869 865 1937 fore
898 1870 937 1936 in
970 1869 1209 1937 eversionibus

158 1983 334 2052 nobilium
352 1985 668 2073 domorum'atque
691 1985 727 2052 in
750 1983 1019 2074 migrationibus
1035 1984 1208 2074 gentium.

158 2097 378 2187 Hujusmodi
403 2106 486 2167 suut
509 2120 561 2179 ea,
580 2105 724 2189 propter
741 2121 818 2189 quae
837 2099 930 2166 nisus
952 2109 1006 2167 est
1031 2097 1209 2167 nonnullis

165 2211 346 2280 Homerus
375 2212 525 2304 viguisse
552 2234 662 2302 prope
691 2212 758 2280 sub
788 2210 926 2280 Orestis
953 2220 1122 2302 tempora,
1148 2235 1211 2282 ex·

160 2326 345 2395 ulantibus
362 2327 478 2396 adhuc
495 2350 517 2396 a
535 2326 779 2417 Peloponneso
797 2326 1037 2396 Doriensibus.

213 2438 340 2531 Atqui,
355 2450 397 2509 ut
414 2442 567 2534 ingenue
584 2441 705 2520 fatear,
724 2449 807 2510 sunt
824 2465 902 2532 quae
918 2442 1001 2510 huic
1024 2441 1210 2510 sententies

162 2577 234 2623 non
260 2555 486 2624 mediocriter
514 2556 637 2625 obesse
663 2556 859 2624 videantur.
912 2555 1073 2625 Proferre
1100 2554 1210 2646 possit

163 2668 290 2758 aliquis
308 2668 440 2759 Ephori
459 2671 672 2738 sententiam
690 2693 712 2738 a
729 2669 905 2740 Strabone
929 2671 1123 2751 recitatam,
1138 2692 1211 2758 =qua

164 2785 194 2852 is
223 2783 398 2854 rationem
429 2784 555 2865 reddit,
584 2807 647 2853 cur
674 2783 854 2854 Homems
885 2785 1028 2853 Cretam
1056 2784 1210 2875 appellet

159 2921 259 2967 nunc
275 2897 511 2980 ἑκατόμπολιν,
523 2923 617 2969 nunc
635 2901 930 2979 ἑνενηκοντᾶπολιν.
982 2899 1049 2968 Ait
1065 2901 1210 2980 scilicet,

160 3008 303 3106 ὕπερον
315 3012 539 3092 &tarentinae
557 3010 620 3085 τὰς
634 3011 816 3107 directanei,
832 3011 918 3094 μετὰ
931 3011 975 3082 τὰ
991 3012 1134 3106 Τρωικὰ,
1147 3011 1211 3083 ὑπὸ

163 3132 230 3195 τῶν
246 3131 294 3214 τῷ
312 3123 522 3206 Ἀλθαιμένει
544 3131 590 3214 τῷ
610 3126 755 3220 Ἀργείῳ
772 3125 1121 3208 συνακολουθησάντων
1140 3129 1213 3197 Δω-

164 3240 288 3334 ριέωνϊ.
340 3239 586 3331 Appellaverit
619 3243 740 3332 itaque
773 3242 917 3310 Cretam
953 3241 1132 3312 Homerus
1166 3267 1212 3312 ex

163 3354 421 3425 consuetudine
435 3356 492 3425 hic
505 3355 734 3446 Trojauorum
747 3366 958 3447 temporum,
972 3357 1045 3426 illic
1058 3381 1211 3427 suorum.

167 3469 336 3559 Sequitur
365 3469 471 3552 illico,
501 3469 677 3560 scripsisse
707 3491 786 3538 eam
809 3479 895 3560 post
929 3470 1211 3562 Peloponnesum

166 3606 187 3652 a
219 3582 452 3672 Doriensibus
490 3583 677 3652 devictam.
743 3584 836 3652 Nam
864 3582 1107 3654 Althaemenes
1141 3585 1211 3663 ille,

165 3697 266 3785 cujus
293 3696 456 3786 auspiciis
485 3694 709 3777 ἑκατόμπολις
744 3697 838 3767 facta
871 3706 926 3769 est
957 3699 1074 3780 Creta,
1095 3721 1213 3788 nepos

166 3833 243 3880 esse
266 3812 396 3879 dicitur
416 3811 573 3893 Temeni‚
591 3813 677 3902 ejus,
695 3835 813 3904 quem,
831 3816 946 3904 ejecta
964 3816 1212 3906 Pelopidarum

167 3927 284 4005 domo,
303 3925 538 4017 Mycenarum
557 3948 676 4018 regem
691 3928 951 3996 constituerunt
970 3926 1183 3997 Heraclidae.

219 4036 406 4128 Urgemur
421 4048 593 4130 praeterea
622 4039 704 4108 binc
733 4038 908 4110 Herodoti
942 4041 1088 4122 calculo,
1116 4041 1213 4110 illinc

598 4304 612 4342 ⁸
631 4295 690 4348 Lib.
704 4313 730 4347 1.
747 4307 787 4360 15.
