2738 4866
224 335 288 398 108
374 333 528 397 Minimus
542 353 598 396 csse
611 331 645 395 ιἰι
660 331 766 396 Iliade
780 332 929 395 Fortunae
936 339 1053 415 portes.
1098 349 1193 390 remo.
1204 349 1269 389 rur.

222 505 390 575 castrensi
414 504 573 574 tumultu
596 528 634 575 se
654 504 746 574 solos
764 503 865 574 otiari
890 503 1124 596 indignantes.
1178 499 1270 568 Prae·

223 620 316 690 clara
343 628 425 689 sunt
453 620 552 690 haeo:
578 619 667 689 illud
695 628 816 689 autem
838 617 1045 711 praeclarius,
1067 615 1162 708 quod
1186 614 1270 705 ipsis

221 757 428 828 magnarum
471 758 587 804 rerum
632 735 751 816 initiis,
794 757 877 805 cum
925 733 1072 802 obscuro
1117 728 1269 821 quodam

221 851 380 943 augurio,
410 852 455 919 sd
482 847 662 920 Achillem
693 849 878 919 absentem
910 853 1122 917 revocantur
1150 844 1268 926 animi,

221 965 401 1056 majorque
418 966 619 1034 futurorum
636 963 855 1055 exspectatio
872 970 1046 1032 movetur.

271 1078 485 1148 Leviusoula
507 1087 600 1162 sunt,
617 1101 733 1169 neque
757 1086 879 1148 tamen
902 1099 966 1146 sua
983 1077 1017 1143 vi
1041 1081 1175 1155 carent,
1194 1095 1270 1162 quae

222 1201 391 1285 tanquam
413 1193 509 1263 aliud
532 1194 653 1286 agenti
675 1194 868 1263 excidunt:
895 1191 1091 1283 cujusmodi
1110 1197 1165 1260 est
1182 1187 1270 1257 illud

222 1308 267 1378 de
285 1309 399 1378 forma
417 1308 540 1379 Nirei:

362 1434 464 1504 Nipcvr,
477 1433 506 1491 ὃς
517 1435 658 1492 κάλλιστος
669 1434 732 1506 ἀνὴρ
744 1432 885 1490 ὑπόἼλιον
896 1433 960 1503 ἦλθε

361 1527 412 1576 τῶν
424 1522 512 1577 dham
524 1528 637 1586 Δαναῶν,
649 1522 703 1592 μετ’
716 1521 832 1592 ἀμύμονα
844 1521 979 1591 Πηλείωνα
984 1528 1006 1574 ⁸.

222 1644 294 1716 Vel
312 1667 354 1714 ea
370 1644 497 1735 quibus
515 1641 610 1735 Ajax
628 1645 665 1713 in
683 1667 838 1737 pugnam
855 1643 1044 1734 aliquando
1060 1641 1244 1734 praeludit:

357 1761 463 1833 Ἕκτορ,
476 1767 521 1818 νῦν
532 1764 580 1833 μὲν
591 1765 621 1832 δὴ
634 1766 711 1834 σάφα
723 1764 804 1820 εἴσεαι
816 1764 900 1819 οἶοθεν
911 1761 972 1828 οἶος,

362 1845 412 1902 οἶοι
425 1849 466 1903 καὶ
479 1852 619 1904 Δαναοῖσιν
630 1850 751 1920 ἀριστῆες
762 1851 892 1920 μετεάσιν,

361 1935 402 1988 καὶ
413 1934 467 2004 μετ’
479 1935 608 2005 Ἀχιλλῆα
619 1935 756 2007 ῥηξήνορα,
769 1936 934 2006 θυμολέοντα,

222 2042 411 2110 Mentione
434 2043 532 2133 quasi
558 2042 651 2112 forte
674 2043 768 2113 fecta
785 2043 996 2136 dignitatem
1013 2043 1090 2134 ejus
1112 2043 1271 2113 maxime

221 2156 494 2225 commendarit.

281 2351 420 2423 Verum
459 2354 605 2423 fortuita
639 2362 677 2422 et
715 2356 853 2424 minuta
886 2354 1107 2444 linquamus:
1144 2352 1194 2421 ’ad
1228 2375 1272 2422 ea

221 2467 412 2548 veniamus,
431 2491 508 2558 quae
526 2477 564 2538 et
587 2469 892 2552 certissimasunt,
910 2469 1016 2538 etita
1037 2468 1157 2560 magni
1183 2489 1272 2559 pon·

221 2581 322 2663 deria,
340 2591 383 2652 ut
399 2585 527 2652 merito
544 2584 655 2654 instar
678 2586 836 2653 omnium
860 2584 1068 2654 habeantur.
1121 2581 1269 2651 Etenim

220 2699 527 2789 praestantissimus
550 2699 611 2768 ille
636 2700 776 2783 artifex,
797 2722 843 2768 ne
861 2700 1000 2769 dubites
1018 2699 1063 2767 de
1085 2699 1163 2789 ejus
1187 2722 1272 2769 con-

220 2812 308 2895 silio,
332 2812 488 2884 fabulam
512 2815 723 2897 universam,
743 2823 875 2906 quanta
892 2821 1024 2905 quanta
1046 2820 1111 2894 est,
1129 2812 1175 2883 ab
1197 2837 1269 2883 uno

220 2926 365 2998 Achille
381 2931 535 3021 pendere
553 2930 675 2999 voluit.
727 2930 853 3011 Immo,
871 2929 964 3020 quod
987 2929 1169 2998 immensae
1192 2937 1269 2997 erat

220 3042 379 3127 solertiae,
397 3047 449 3114 ita
466 3068 521 3115 res
538 3047 644 3116 rebus
659 3045 865 3138 implicavit,
883 3053 924 3116 ut
941 3045 1060 3114 omnia
1076 3067 1120 3114 eo
1138 3044 1268 3113 deferri

222 3160 404 3230 videantur
433 3160 538 3244 ultro,
565 3163 600 3230 vi
625 3161 760 3231 scilicet
785 3163 861 3253 ipsa
890 3185 931 3230 ac
956 3162 1092 3230 ratione
1119 3167 1266 3228 evento-

218 3294 318 3342 rum:
344 3275 434 3343 nihil
454 3276 652 3358 fortuitum,
670 3276 757 3345 nihil
779 3284 952 3356 coactum,
969 3274 1057 3343 nihil
1076 3273 1171 3365 quod
1190 3275 1268 3364 quis

218 3389 422 3460 incredulus
439 3391 563 3461 oderit.
616 3391 735 3461 Semel
753 3400 905 3473 tantum,
923 3391 1017 3480 quod
1031 3390 1267 3471 meminerim,

217 3527 300 3574 casu
317 3506 501 3597 suppletur
518 3507 603 3576 ordo
621 3531 662 3576 ac
680 3509 786 3576 series
803 3528 999 3576 causarum.
1030 3503 1214 3576 Videlicet
1230 3505 1267 3572 in

218 3620 405 3689 undecimo
429 3621 518 3690 libro
536 3619 697 3691 Achilles
715 3621 880 3691 Patroclo
908 3621 1022 3689 utitur
1047 3619 1189 3701 nuncio,
1207 3619 1267 3710 qui

217 3735 426 3818 sciscitetur,
449 3759 556 3827 quem
585 3737 740 3818 tandem,
766 3759 836 3828 quo
862 3735 1006 3806 vulnere
1034 3733 1268 3816 laborantem,

217 3871 337 3920 seeum
355 3874 400 3920 ex
417 3851 542 3943 praelio
559 3859 643 3945 agat
663 3851 816 3921 Nestor:

605 3966 619 4016 ὁ
632 3964 660 4017 δὲ
672 3963 815 4032 κλισίηθεν,
827 3961 947 4026 ἀκούσας,

216 4160 323 4241 Nam,
337 4165 535 4254 conspectis
548 4187 691 4234 suorum
706 4163 919 4244 vulneribus,
931 4163 1048 4232 fecere
1061 4183 1134 4230 non
1147 4161 1266 4253 potuit

215 4277 422 4347 mitissimus
433 4276 605 4360 Heroum,
615 4281 701 4371 quin
712 4278 893 4350 Achillem
904 4279 940 4346 id
952 4277 1079 4348 saltem
1091 4285 1264 4358 exoraret,

471 4415 486 4444 ι
504 4406 652 4478 11.n.673.
865 4407 880 4445 b
898 4406 933 4460 xi.
947 4405 1008 4460 σοι.
