<?xml version="1.0" encoding="UTF-8"?>
<!DOCTYPE html PUBLIC "-//W3C//DTD XHTML 1.0 Transitional//EN"
    "http://www.w3.org/TR/xhtml1/DTD/xhtml1-transitional.dtd">
<html xmlns="http://www.w3.org/1999/xhtml" xml:lang="en" lang="en">
 <head>
  <title>
</title>
<meta http-equiv="Content-Type" content="text/html;charset=utf-8" />
  <meta name='ocr-system' content='tesseract 3.04.00' />
  <meta name='ocr-capabilities' content='ocr_page ocr_carea ocr_par ocr_line ocrx_word'/>
</head>
<body>
  <div class='ocr_page' id='page_1' title='image "./depoeticaevimed01keblgoog_0195.png"; bbox 0 0 2738 4866; ppageno 0'>
   <div class='ocr_carea' id='block_1_1' title="bbox 135 187 1180 272">
    <p class='ocr_par' dir='ltr' id='par_1_1' title="bbox 135 187 1180 272">
     <span class='ocr_line' id='line_1_1' title="bbox 135 187 1180 272; baseline -0.005 -22"><span class='ocrx_word' id='word_1_1' title='bbox 135 189 198 257; x_wconf 79' lang='lat'>194</span> <span class='ocrx_word' id='word_1_2' title='bbox 284 188 398 252; x_wconf 74' lang='lat' dir='ltr'>illudit</span> <span class='ocrx_word' id='word_1_3' title='bbox 413 190 509 252; x_wconf 75' lang='lat' dir='ltr'>Poeta</span> <span class='ocrx_word' id='word_1_4' title='bbox 523 187 984 272; x_wconf 58' lang='lat' dir='ltr'>montemmaranum</span> <span class='ocrx_word' id='word_1_5' title='bbox 1019 207 1180 250; x_wconf 72' lang='lat' dir='ltr'>nunnun-</span> 
     </span>
    </p>
   </div>
   <div class='ocr_carea' id='block_1_2' title="bbox 128 359 1179 1974">
    <p class='ocr_par' dir='ltr' id='par_1_2' title="bbox 132 359 1179 1149">
     <span class='ocr_line' id='line_1_2' title="bbox 185 359 1179 453; baseline 0 -23"><span class='ocrx_word' id='word_1_6' title='bbox 185 359 386 453; x_wconf 87' lang='lat' dir='ltr'>Navigandi</span> <span class='ocrx_word' id='word_1_7' title='bbox 410 370 529 430; x_wconf 91' lang='lat' dir='ltr'>autem</span> <span class='ocrx_word' id='word_1_8' title='bbox 555 360 696 431; x_wconf 89' lang='lat' dir='ltr'>laudem</span> <span class='ocrx_word' id='word_1_9' title='bbox 715 359 876 453; x_wconf 82' lang='lat' dir='ltr'>intelligo</span> <span class='ocrx_word' id='word_1_10' title='bbox 893 383 966 430; x_wconf 90' lang='lat' dir='ltr'>nou</span> <span class='ocrx_word' id='word_1_11' title='bbox 983 359 1082 429; x_wconf 90' lang='lat' dir='ltr'>illam</span> <span class='ocrx_word' id='word_1_12' title='bbox 1101 384 1179 452; x_wconf 86' lang='lat' dir='ltr'>quae</span> 
     </span>
     <span class='ocr_line' id='line_1_3' title="bbox 133 475 1179 568; baseline -0.001 -23"><span class='ocrx_word' id='word_1_13' title='bbox 133 476 271 568; x_wconf 88' lang='lat' dir='ltr'>proprie</span> <span class='ocrx_word' id='word_1_14' title='bbox 297 476 426 545; x_wconf 84' lang='lat' dir='ltr'>dieitur</span> <span class='ocrx_word' id='word_1_15' title='bbox 456 476 605 558; x_wconf 82' lang='lat' dir='ltr'>heroica,</span> <span class='ocrx_word' id='word_1_16' title='bbox 636 475 698 546; x_wconf 90' lang='lat' dir='ltr'>sed</span> <span class='ocrx_word' id='word_1_17' title='bbox 728 500 806 568; x_wconf 85' lang='lat' dir='ltr'>quae</span> <span class='ocrx_word' id='word_1_18' title='bbox 835 477 879 546; x_wconf 91' lang='lat' dir='ltr'>ad</span> <span class='ocrx_word' id='word_1_19' title='bbox 905 499 966 546; x_wconf 91' lang='lat' dir='ltr'>eos</span> <span class='ocrx_word' id='word_1_20' title='bbox 990 477 1179 567; x_wconf 84' lang='lat' dir='ltr'>pertineat,</span> 
     </span>
     <span class='ocr_line' id='line_1_4' title="bbox 133 592 1177 686; baseline 0.001 -26"><span class='ocrx_word' id='word_1_21' title='bbox 133 592 193 683; x_wconf 93' lang='lat' dir='ltr'>qui</span> <span class='ocrx_word' id='word_1_22' title='bbox 220 592 360 686; x_wconf 82' lang='lat' dir='ltr'>navigia</span> <span class='ocrx_word' id='word_1_23' title='bbox 383 602 534 674; x_wconf 87' lang='lat' dir='ltr'>tautum,</span> <span class='ocrx_word' id='word_1_24' title='bbox 562 593 653 662; x_wconf 86' lang='lat' dir='ltr'>siout</span> <span class='ocrx_word' id='word_1_25' title='bbox 681 593 860 673; x_wconf 78' lang='lat' dir='ltr'>machinas</span> <span class='ocrx_word' id='word_1_26' title='bbox 887 593 1067 684; x_wconf 89' lang='lat' dir='ltr'>quasdam,</span> <span class='ocrx_word' id='word_1_27' title='bbox 1092 593 1177 663; x_wconf 81' lang='lat' dir='ltr'>scite</span> 
     </span>
     <span class='ocr_line' id='line_1_5' title="bbox 133 707 1178 801; baseline -0.001 -23"><span class='ocrx_word' id='word_1_28' title='bbox 133 730 175 778; x_wconf 86' lang='lat' dir='ltr'>ae</span> <span class='ocrx_word' id='word_1_29' title='bbox 192 709 318 779; x_wconf 87' lang='lat' dir='ltr'>dextre</span> <span class='ocrx_word' id='word_1_30' title='bbox 334 732 477 779; x_wconf 84' lang='lat' dir='ltr'>movere</span> <span class='ocrx_word' id='word_1_31' title='bbox 494 709 640 801; x_wconf 83' lang='lat' dir='ltr'><strong>possint.</strong></span> <span class='ocrx_word' id='word_1_32' title='bbox 695 708 748 778; x_wconf 86' lang='lat' dir='ltr'>Ea</span> <span class='ocrx_word' id='word_1_33' title='bbox 764 709 911 779; x_wconf 83' lang='lat' dir='ltr'>seientia</span> <span class='ocrx_word' id='word_1_34' title='bbox 926 708 1061 800; x_wconf 88' lang='lat' dir='ltr'>pollere</span> <span class='ocrx_word' id='word_1_35' title='bbox 1079 707 1178 777; x_wconf 85' lang='lat' dir='ltr'>Phae-</span> 
     </span>
     <span class='ocr_line' id='line_1_6' title="bbox 133 823 1177 918; baseline -0.003 -23"><span class='ocrx_word' id='word_1_36' title='bbox 133 846 213 895; x_wconf 85' lang='lat' dir='ltr'>aoas</span> <span class='ocrx_word' id='word_1_37' title='bbox 229 826 342 918; x_wconf 90' lang='lat' dir='ltr'>magis</span> <span class='ocrx_word' id='word_1_38' title='bbox 359 848 465 916; x_wconf 89' lang='lat' dir='ltr'>quam</span> <span class='ocrx_word' id='word_1_39' title='bbox 482 825 609 896; x_wconf 88' lang='lat' dir='ltr'>bellica</span> <span class='ocrx_word' id='word_1_40' title='bbox 626 824 699 895; x_wconf 89' lang='lat' dir='ltr'>ulla</span> <span class='ocrx_word' id='word_1_41' title='bbox 716 826 856 908; x_wconf 88' lang='lat' dir='ltr'>virtute,</span> <span class='ocrx_word' id='word_1_42' title='bbox 880 825 997 917; x_wconf 89' lang='lat' dir='ltr'>lepide</span> <span class='ocrx_word' id='word_1_43' title='bbox 1021 827 1106 895; x_wconf 91' lang='lat' dir='ltr'>satis</span> <span class='ocrx_word' id='word_1_44' title='bbox 1124 823 1177 894; x_wconf 89' lang='lat' dir='ltr'>vel</span> 
     </span>
     <span class='ocr_line' id='line_1_7' title="bbox 132 941 1177 1032; baseline -0.002 -22"><span class='ocrx_word' id='word_1_45' title='bbox 132 941 209 1032; x_wconf 92' lang='lat' dir='ltr'>ipsa</span> <span class='ocrx_word' id='word_1_46' title='bbox 231 942 374 1010; x_wconf 91' lang='lat' dir='ltr'>nomina</span> <span class='ocrx_word' id='word_1_47' title='bbox 398 949 686 1022; x_wconf 76' lang='lat' dir='ltr'>commonstrant,</span> <span class='ocrx_word' id='word_1_48' title='bbox 709 941 836 1031; x_wconf 87' lang='lat' dir='ltr'>quibus</span> <span class='ocrx_word' id='word_1_49' title='bbox 861 949 1031 1011; x_wconf 88' lang='lat' dir='ltr'>ornantur</span> <span class='ocrx_word' id='word_1_50' title='bbox 1055 962 1177 1009; x_wconf 89' lang='lat' dir='ltr'>eorum</span> 
     </span>
     <span class='ocr_line' id='line_1_8' title="bbox 133 1066 337 1149; baseline 0 -23"><span class='ocrx_word' id='word_1_51' title='bbox 133 1066 337 1149; x_wconf 73' lang='lat' dir='ltr'>proceresss:</span> 
     </span>
    </p>

    <p class='ocr_par' dir='ltr' id='par_1_3' title="bbox 276 1217 992 1292">
     <span class='ocr_line' id='line_1_9' title="bbox 276 1217 992 1292; baseline 0.004 -18"><span class='ocrx_word' id='word_1_52' title='bbox 276 1220 342 1290; x_wconf 79' lang='grc' dir='ltr'>δρτο</span> <span class='ocrx_word' id='word_1_53' title='bbox 354 1220 401 1289; x_wconf 79' lang='grc' dir='ltr'>μέν</span> <span class='ocrx_word' id='word_1_54' title='bbox 411 1220 553 1292; x_wconf 80' lang='grc' dir='ltr'><strong><em>Ἀκρόνεώς</em></strong></span> <span class='ocrx_word' id='word_1_55' title='bbox 565 1243 592 1275; x_wconf 92' lang='grc' dir='ltr'>τε</span> <span class='ocrx_word' id='word_1_56' title='bbox 605 1224 647 1276; x_wconf 80' lang='grc' dir='ltr'>καί</span> <span class='ocrx_word' id='word_1_57' title='bbox 657 1217 784 1279; x_wconf 89' lang='grc' dir='ltr'>Ὠκύαλος</span> <span class='ocrx_word' id='word_1_58' title='bbox 794 1223 835 1276; x_wconf 81' lang='grc' dir='ltr'>καὶ</span> <span class='ocrx_word' id='word_1_59' title='bbox 846 1221 992 1291; x_wconf 84' lang='grc' dir='ltr'>Ἐλατρεύς,</span> 
     </span>
    </p>

    <p class='ocr_par' dir='ltr' id='par_1_4' title="bbox 276 1305 1031 1381">
     <span class='ocr_line' id='line_1_10' title="bbox 276 1305 1031 1381; baseline 0.005 -22"><span class='ocrx_word' id='word_1_60' title='bbox 276 1305 390 1363; x_wconf 82' lang='grc' dir='ltr'>Ναυτεύς</span> <span class='ocrx_word' id='word_1_61' title='bbox 400 1329 428 1362; x_wconf 90' lang='grc' dir='ltr'>τε</span> <span class='ocrx_word' id='word_1_62' title='bbox 441 1305 576 1379; x_wconf 76' lang='grc' dir='ltr'>Πρυμνεύς</span> <span class='ocrx_word' id='word_1_63' title='bbox 587 1330 615 1362; x_wconf 90' lang='grc' dir='ltr'>τε</span> <span class='ocrx_word' id='word_1_64' title='bbox 627 1311 669 1363; x_wconf 89' lang='grc' dir='ltr'>καὶ</span> <span class='ocrx_word' id='word_1_65' title='bbox 680 1308 820 1381; x_wconf 77' lang='grc' dir='ltr'>Ἀγχιάλος</span> <span class='ocrx_word' id='word_1_66' title='bbox 832 1309 873 1363; x_wconf 76' lang='grc' dir='ltr'>καὶ</span> <span class='ocrx_word' id='word_1_67' title='bbox 883 1306 1031 1378; x_wconf 81' lang='grc' dir='ltr'>Ἐρετμεύς,</span> 
     </span>
    </p>

    <p class='ocr_par' dir='ltr' id='par_1_5' title="bbox 128 1393 1178 1974">
     <span class='ocr_line' id='line_1_11' title="bbox 275 1393 954 1480; baseline 0.007 -35"><span class='ocrx_word' id='word_1_68' title='bbox 275 1393 389 1450; x_wconf 82' lang='grc' dir='ltr'>Ποντεύς</span> <span class='ocrx_word' id='word_1_69' title='bbox 401 1416 429 1447; x_wconf 90' lang='grc' dir='ltr'>τε</span> <span class='ocrx_word' id='word_1_70' title='bbox 442 1393 565 1465; x_wconf 83' lang='grc' dir='ltr'>Πρωρεύς</span> <span class='ocrx_word' id='word_1_71' title='bbox 573 1416 611 1480; x_wconf 86' lang='grc' dir='ltr'>τε,</span> <span class='ocrx_word' id='word_1_72' title='bbox 624 1399 706 1461; x_wconf 83' lang='grc' dir='ltr'><strong>Θόων,</strong></span> <span class='ocrx_word' id='word_1_73' title='bbox 717 1395 907 1465; x_wconf 71' lang='grc' dir='ltr'>Ἀναβησίνεώς</span> <span class='ocrx_word' id='word_1_74' title='bbox 917 1417 954 1450; x_wconf 87' lang='grc' dir='ltr'>τε.</span> 
     </span>
     <span class='ocr_line' id='line_1_12' title="bbox 134 1530 1177 1628; baseline 0.005 -28"><span class='ocrx_word' id='word_1_75' title='bbox 134 1530 265 1624; x_wconf 85' lang='lat' dir='ltr'>Ecquis</span> <span class='ocrx_word' id='word_1_76' title='bbox 283 1533 423 1602; x_wconf 90' lang='lat' dir='ltr'>dubitet</span> <span class='ocrx_word' id='word_1_77' title='bbox 440 1536 477 1603; x_wconf 93' lang='lat' dir='ltr'>in</span> <span class='ocrx_word' id='word_1_78' title='bbox 495 1534 624 1606; x_wconf 88' lang='lat' dir='ltr'>talibus</span> <span class='ocrx_word' id='word_1_79' title='bbox 647 1535 769 1606; x_wconf 85' lang='lat' dir='ltr'>ludere</span> <span class='ocrx_word' id='word_1_80' title='bbox 787 1535 935 1606; x_wconf 90' lang='lat' dir='ltr'>Poetam</span> <span class='ocrx_word' id='word_1_81' title='bbox 958 1535 1070 1628; x_wconf 90' lang='lat' dir='ltr'>paulo.</span> <span class='ocrx_word' id='word_1_82' title='bbox 1092 1534 1177 1605; x_wconf 88' lang='lat' dir='ltr'>libe·</span> 
     </span>
     <span class='ocr_line' id='line_1_13' title="bbox 133 1647 1174 1742; baseline 0.004 -26"><span class='ocrx_word' id='word_1_83' title='bbox 133 1647 214 1729; x_wconf 89' lang='lat' dir='ltr'>rius,</span> <span class='ocrx_word' id='word_1_84' title='bbox 241 1649 333 1740; x_wconf 82' lang='lat' dir='ltr'><strong>siqui</strong></span> <span class='ocrx_word' id='word_1_85' title='bbox 359 1669 533 1719; x_wconf 89' lang='lat' dir='ltr'>summam</span> <span class='ocrx_word' id='word_1_86' title='bbox 554 1673 672 1721; x_wconf 89' lang='lat' dir='ltr'>rerum</span> <span class='ocrx_word' id='word_1_87' title='bbox 693 1653 731 1720; x_wconf 91' lang='lat' dir='ltr'>in</span> <span class='ocrx_word' id='word_1_88' title='bbox 751 1651 902 1721; x_wconf 82' lang='lat' dir='ltr'>nauticis</span> <span class='ocrx_word' id='word_1_89' title='bbox 927 1650 1003 1720; x_wconf 88' lang='lat' dir='ltr'>istis</span> <span class='ocrx_word' id='word_1_90' title='bbox 1029 1651 1174 1742; x_wconf 86' lang='lat' dir='ltr'>argutiis</span> 
     </span>
     <span class='ocr_line' id='line_1_14' title="bbox 133 1764 1178 1860; baseline 0.005 -30"><span class='ocrx_word' id='word_1_91' title='bbox 133 1785 264 1853; x_wconf 86' lang='lat' dir='ltr'>ponere</span> <span class='ocrx_word' id='word_1_92' title='bbox 281 1764 428 1835; x_wconf 76' lang='lat' dir='ltr'>amanti</span> <span class='ocrx_word' id='word_1_93' title='bbox 464 1765 488 1834; x_wconf 90' lang='lat' dir='ltr'>J</span> <span class='ocrx_word' id='word_1_94' title='bbox 490 1789 545 1835; x_wconf 91' lang='lat' dir='ltr'>am</span> <span class='ocrx_word' id='word_1_95' title='bbox 564 1790 636 1836; x_wconf 93' lang='lat' dir='ltr'>non</span> <span class='ocrx_word' id='word_1_96' title='bbox 653 1767 748 1836; x_wconf 91' lang='lat' dir='ltr'>aliud</span> <span class='ocrx_word' id='word_1_97' title='bbox 767 1776 892 1837; x_wconf 88' lang='lat' dir='ltr'>sonant</span> <span class='ocrx_word' id='word_1_98' title='bbox 908 1790 960 1848; x_wconf 91' lang='lat' dir='ltr'>ea,</span> <span class='ocrx_word' id='word_1_99' title='bbox 976 1791 1053 1860; x_wconf 87' lang='lat' dir='ltr'>quae</span> <span class='ocrx_word' id='word_1_100' title='bbox 1072 1767 1178 1837; x_wconf 89' lang='lat' dir='ltr'>habet</span> 
     </span>
     <span class='ocr_line' id='line_1_15' title="bbox 128 1879 599 1974; baseline 0.006 -24"><span class='ocrx_word' id='word_1_101' title='bbox 128 1881 367 1974; x_wconf 81' lang='lat' dir='ltr'>jactabundus</span> <span class='ocrx_word' id='word_1_102' title='bbox 384 1879 599 1953; x_wconf 73' lang='lat' dir='ltr'>Alcinoush:</span> 
     </span>
    </p>
   </div>
   <div class='ocr_carea' id='block_1_3' title="bbox 135 2018 1178 3675">
    <p class='ocr_par' dir='ltr' id='par_1_6' title="bbox 275 2018 813 2092">
     <span class='ocr_line' id='line_1_16' title="bbox 275 2018 813 2092; baseline 0.004 -18"><span class='ocrx_word' id='word_1_103' title='bbox 275 2020 305 2074; x_wconf 86' lang='grc' dir='ltr'>ού</span> <span class='ocrx_word' id='word_1_104' title='bbox 316 2019 367 2090; x_wconf 84' lang='grc' dir='ltr'>γδρ</span> <span class='ocrx_word' id='word_1_105' title='bbox 379 2018 522 2087; x_wconf 76' lang='grc' dir='ltr'>Φαιήκεσσι</span> <span class='ocrx_word' id='word_1_106' title='bbox 534 2023 719 2092; x_wconf 80' lang='grc' dir='ltr'>κυβερνητῆρες</span> <span class='ocrx_word' id='word_1_107' title='bbox 730 2024 813 2086; x_wconf 76' lang='grc' dir='ltr'>ἴασιν,</span> 
     </span>
    </p>

    <p class='ocr_par' dir='ltr' id='par_1_7' title="bbox 274 2105 917 2179">
     <span class='ocr_line' id='line_1_17' title="bbox 274 2105 917 2179; baseline 0.005 -18"><span class='ocrx_word' id='word_1_108' title='bbox 274 2105 337 2161; x_wconf 88' lang='grc' dir='ltr'>ούδέ</span> <span class='ocrx_word' id='word_1_109' title='bbox 346 2128 371 2160; x_wconf 92' lang='grc' dir='ltr'>τι</span> <span class='ocrx_word' id='word_1_110' title='bbox 382 2106 485 2174; x_wconf 74' lang='grc' dir='ltr'>πηδάλι’</span> <span class='ocrx_word' id='word_1_111' title='bbox 499 2107 566 2170; x_wconf 87' lang='grc' dir='ltr'>ε’στὶ,</span> <span class='ocrx_word' id='word_1_112' title='bbox 578 2107 631 2162; x_wconf 73' lang='grc' dir='ltr'>τάπ’</span> <span class='ocrx_word' id='word_1_113' title='bbox 643 2109 721 2162; x_wconf 80' lang='grc' dir='ltr'>ἄλλοι</span> <span class='ocrx_word' id='word_1_114' title='bbox 734 2109 791 2178; x_wconf 74' lang='grc' dir='ltr'>νῆες</span> <span class='ocrx_word' id='word_1_115' title='bbox 802 2110 917 2179; x_wconf 78' lang='grc' dir='ltr'>ἔχουσιν·</span> 
     </span>
    </p>

    <p class='ocr_par' dir='ltr' id='par_1_8' title="bbox 274 2189 915 2265">
     <span class='ocr_line' id='line_1_18' title="bbox 274 2189 915 2265; baseline 0.008 -22"><span class='ocrx_word' id='word_1_116' title='bbox 274 2190 334 2244; x_wconf 72' lang='grc' dir='ltr'>ἄλλ’</span> <span class='ocrx_word' id='word_1_117' title='bbox 347 2191 421 2244; x_wconf 76' lang='grc' dir='ltr'>ούταί</span> <span class='ocrx_word' id='word_1_118' title='bbox 432 2189 508 2246; x_wconf 81' lang='grc' dir='ltr'>’ίσασι</span> <span class='ocrx_word' id='word_1_119' title='bbox 521 2192 634 2262; x_wconf 66' lang='grc' dir='ltr'>νοήματα</span> <span class='ocrx_word' id='word_1_120' title='bbox 645 2195 687 2248; x_wconf 81' lang='grc' dir='ltr'>καί</span> <span class='ocrx_word' id='word_1_121' title='bbox 699 2194 796 2264; x_wconf 81' lang='grc' dir='ltr'>φρένας</span> <span class='ocrx_word' id='word_1_122' title='bbox 807 2194 915 2265; x_wconf 77' lang='grc' dir='ltr'>ἀνδρῶν,</span> 
     </span>
    </p>

    <p class='ocr_par' dir='ltr' id='par_1_9' title="bbox 275 2275 882 2351">
     <span class='ocr_line' id='line_1_19' title="bbox 275 2275 882 2351; baseline 0.01 -21"><span class='ocrx_word' id='word_1_123' title='bbox 275 2277 317 2330; x_wconf 80' lang='grc' dir='ltr'>καί</span> <span class='ocrx_word' id='word_1_124' title='bbox 327 2276 428 2332; x_wconf 80' lang='grc' dir='ltr'>πάντων</span> <span class='ocrx_word' id='word_1_125' title='bbox 439 2275 516 2334; x_wconf 77' lang='grc' dir='ltr'>ἴσασι</span> <span class='ocrx_word' id='word_1_126' title='bbox 527 2281 621 2336; x_wconf 80' lang='grc' dir='ltr'>πολιας</span> <span class='ocrx_word' id='word_1_127' title='bbox 632 2281 673 2333; x_wconf 78' lang='grc' dir='ltr'>καί</span> <span class='ocrx_word' id='word_1_128' title='bbox 685 2281 775 2336; x_wconf 87' lang='grc' dir='ltr'>πίονας</span> <span class='ocrx_word' id='word_1_129' title='bbox 787 2280 882 2351; x_wconf 79' lang='grc' dir='ltr'>ἀγρούς</span> 
     </span>
    </p>

    <p class='ocr_par' dir='ltr' id='par_1_10' title="bbox 273 2363 958 2437">
     <span class='ocr_line' id='line_1_20' title="bbox 273 2363 958 2437; baseline 0.004 -20"><span class='ocrx_word' id='word_1_130' title='bbox 273 2363 420 2435; x_wconf 77' lang='grc' dir='ltr'>ἀνθρώπων</span> <span class='ocrx_word' id='word_1_131' title='bbox 440 2365 481 2417; x_wconf 82' lang='grc' dir='ltr'>καὶ</span> <span class='ocrx_word' id='word_1_132' title='bbox 493 2367 589 2434; x_wconf 82' lang='grc' dir='ltr'>λαῖτμα</span> <span class='ocrx_word' id='word_1_133' title='bbox 600 2365 704 2436; x_wconf 80' lang='grc' dir='ltr'>τάχισθ’</span> <span class='ocrx_word' id='word_1_134' title='bbox 716 2367 780 2422; x_wconf 81' lang='grc' dir='ltr'>ἁλδς</span> <span class='ocrx_word' id='word_1_135' title='bbox 792 2367 958 2437; x_wconf 77' lang='grc' dir='ltr'>ἐκπερόωσιν,</span> 
     </span>
    </p>

    <p class='ocr_par' dir='ltr' id='par_1_11' title="bbox 274 2449 933 2525">
     <span class='ocr_line' id='line_1_21' title="bbox 274 2449 933 2525; baseline 0.006 -22"><span class='ocrx_word' id='word_1_136' title='bbox 274 2449 329 2521; x_wconf 83' lang='grc' dir='ltr'>ἠέρι</span> <span class='ocrx_word' id='word_1_137' title='bbox 342 2453 383 2505; x_wconf 88' lang='grc' dir='ltr'>καὶ</span> <span class='ocrx_word' id='word_1_138' title='bbox 394 2453 494 2522; x_wconf 81' lang='grc' dir='ltr'>νεφέλῃ</span> <span class='ocrx_word' id='word_1_139' title='bbox 507 2453 699 2524; x_wconf 89' lang='grc' dir='ltr'>κεκαλυμμέναι·</span> <span class='ocrx_word' id='word_1_140' title='bbox 719 2454 780 2508; x_wconf 81' lang='grc' dir='ltr'>οὐδέ</span> <span class='ocrx_word' id='word_1_141' title='bbox 789 2454 855 2508; x_wconf 88' lang='grc' dir='ltr'>ποτέ</span> <span class='ocrx_word' id='word_1_142' title='bbox 864 2456 933 2525; x_wconf 88' lang='grc' dir='ltr'>σφιν</span> 
     </span>
    </p>

    <p class='ocr_par' dir='ltr' id='par_1_12' title="bbox 135 2538 1177 2978">
     <span class='ocr_line' id='line_1_22' title="bbox 276 2538 908 2607; baseline 0.006 -17"><span class='ocrx_word' id='word_1_143' title='bbox 276 2538 337 2591; x_wconf 82' lang='grc' dir='ltr'>οὐδέ</span> <span class='ocrx_word' id='word_1_144' title='bbox 348 2560 372 2591; x_wconf 92' lang='grc' dir='ltr'>τι</span> <span class='ocrx_word' id='word_1_145' title='bbox 384 2540 543 2607; x_wconf 71' lang='grc' dir='ltr'>πημανθῆναι</span> <span class='ocrx_word' id='word_1_146' title='bbox 555 2540 597 2593; x_wconf 82' lang='grc' dir='ltr'>ἐπὶ</span> <span class='ocrx_word' id='word_1_147' title='bbox 610 2540 676 2604; x_wconf 88' lang='grc' dir='ltr'>δέος,</span> <span class='ocrx_word' id='word_1_148' title='bbox 689 2540 742 2594; x_wconf 73' lang='lat' dir='ltr'>oid</span> <span class='ocrx_word' id='word_1_149' title='bbox 754 2540 908 2595; x_wconf 79' lang='grc' dir='ltr'>ἀπολέσθω.</span> 
     </span>
     <span class='ocr_line' id='line_1_23' title="bbox 135 2651 1176 2747; baseline -0.001 -26"><span class='ocrx_word' id='word_1_150' title='bbox 135 2652 278 2747; x_wconf 84' lang='lat' dir='ltr'>Nempe</span> <span class='ocrx_word' id='word_1_151' title='bbox 304 2653 471 2722; x_wconf 85' lang='lat' dir='ltr'>eximiam</span> <span class='ocrx_word' id='word_1_152' title='bbox 498 2651 671 2743; x_wconf 91' lang='lat' dir='ltr'>quandam</span> <span class='ocrx_word' id='word_1_153' title='bbox 698 2661 816 2722; x_wconf 86' lang='lat' dir='ltr'>narrat</span> <span class='ocrx_word' id='word_1_154' title='bbox 847 2661 924 2721; x_wconf 92' lang='lat' dir='ltr'>tum</span> <span class='ocrx_word' id='word_1_155' title='bbox 952 2651 1176 2722; x_wconf 80' lang='lat' dir='ltr'>velocitatem</span> 
     </span>
     <span class='ocr_line' id='line_1_24' title="bbox 135 2767 1177 2862; baseline 0 -26"><span class='ocrx_word' id='word_1_156' title='bbox 135 2771 309 2862; x_wconf 85' lang='lat' dir='ltr'>remigum</span> <span class='ocrx_word' id='word_1_157' title='bbox 327 2778 405 2837; x_wconf 89' lang='lat' dir='ltr'>tum</span> <span class='ocrx_word' id='word_1_158' title='bbox 423 2769 626 2851; x_wconf 85' lang='lat' dir='ltr'>seientiam3</span> <span class='ocrx_word' id='word_1_159' title='bbox 652 2769 811 2839; x_wconf 82' lang='lat' dir='ltr'>crederes</span> <span class='ocrx_word' id='word_1_160' title='bbox 828 2791 955 2837; x_wconf 89' lang='lat' dir='ltr'>navem</span> <span class='ocrx_word' id='word_1_161' title='bbox 973 2769 1048 2836; x_wconf 88' lang='lat' dir='ltr'>sine</span> <span class='ocrx_word' id='word_1_162' title='bbox 1067 2767 1177 2849; x_wconf 85' lang='lat' dir='ltr'>clavo,</span> 
     </span>
     <span class='ocr_line' id='line_1_25' title="bbox 135 2885 732 2978; baseline 0.002 -25"><span class='ocrx_word' id='word_1_163' title='bbox 135 2886 211 2954; x_wconf 90' lang='lat' dir='ltr'>sine</span> <span class='ocrx_word' id='word_1_164' title='bbox 227 2885 474 2978; x_wconf 84' lang='lat' dir='ltr'>gubernatore,</span> <span class='ocrx_word' id='word_1_165' title='bbox 492 2894 597 2975; x_wconf 90' lang='lat' dir='ltr'>portu</span> <span class='ocrx_word' id='word_1_166' title='bbox 614 2886 732 2976; x_wconf 88' lang='lat' dir='ltr'>potiri.</span> 
     </span>
    </p>

    <p class='ocr_par' dir='ltr' id='par_1_13' title="bbox 135 2999 1178 3675">
     <span class='ocr_line' id='line_1_26' title="bbox 186 2999 1177 3094; baseline 0 -24"><span class='ocrx_word' id='word_1_167' title='bbox 186 3000 240 3072; x_wconf 90' lang='lat' dir='ltr'>At</span> <span class='ocrx_word' id='word_1_168' title='bbox 283 3003 387 3084; x_wconf 90' lang='lat' dir='ltr'>enim,</span> <span class='ocrx_word' id='word_1_169' title='bbox 422 3011 464 3071; x_wconf 91' lang='lat' dir='ltr'>ut</span> <span class='ocrx_word' id='word_1_170' title='bbox 506 2999 590 3083; x_wconf 88' lang='lat' dir='ltr'>dixi,</span> <span class='ocrx_word' id='word_1_171' title='bbox 627 3024 756 3094; x_wconf 86' lang='lat' dir='ltr'>magno</span> <span class='ocrx_word' id='word_1_172' title='bbox 793 2999 974 3092; x_wconf 87' lang='lat' dir='ltr'>dispendio</span> <span class='ocrx_word' id='word_1_173' title='bbox 1019 3003 1177 3071; x_wconf 83' lang='lat' dir='ltr'>constitit</span> 
     </span>
     <span class='ocr_line' id='line_1_27' title="bbox 137 3117 1178 3189; baseline -0.002 -2"><span class='ocrx_word' id='word_1_174' title='bbox 137 3118 308 3189; x_wconf 88' lang='lat' dir='ltr'>Phaeaoiae</span> <span class='ocrx_word' id='word_1_175' title='bbox 329 3121 483 3189; x_wconf 88' lang='lat' dir='ltr'>textoria</span> <span class='ocrx_word' id='word_1_176' title='bbox 508 3119 569 3188; x_wconf 90' lang='lat' dir='ltr'>illa</span> <span class='ocrx_word' id='word_1_177' title='bbox 592 3130 629 3188; x_wconf 92' lang='lat' dir='ltr'>et</span> <span class='ocrx_word' id='word_1_178' title='bbox 652 3117 860 3188; x_wconf 77' lang='lat' dir='ltr'>navicularia</span> <span class='ocrx_word' id='word_1_179' title='bbox 884 3119 1079 3187; x_wconf 89' lang='lat' dir='ltr'>industria:</span> <span class='ocrx_word' id='word_1_180' title='bbox 1107 3117 1178 3186; x_wconf 90' lang='lat' dir='ltr'>lan-</span> 
     </span>
     <span class='ocr_line' id='line_1_28' title="bbox 135 3233 1177 3327; baseline -0.001 -24"><span class='ocrx_word' id='word_1_181' title='bbox 135 3257 243 3327; x_wconf 87' lang='lat' dir='ltr'>guere</span> <span class='ocrx_word' id='word_1_182' title='bbox 260 3235 454 3326; x_wconf 85' lang='lat' dir='ltr'>paullatim,</span> <span class='ocrx_word' id='word_1_183' title='bbox 470 3255 550 3304; x_wconf 87' lang='lat' dir='ltr'>oum</span> <span class='ocrx_word' id='word_1_184' title='bbox 565 3234 747 3326; x_wconf 88' lang='lat' dir='ltr'>opulentia</span> <span class='ocrx_word' id='word_1_185' title='bbox 764 3257 836 3315; x_wconf 91' lang='lat' dir='ltr'>sua,</span> <span class='ocrx_word' id='word_1_186' title='bbox 854 3235 913 3302; x_wconf 89' lang='lat' dir='ltr'>“in</span> <span class='ocrx_word' id='word_1_187' title='bbox 928 3247 1011 3302; x_wconf 84' lang='lat' dir='ltr'>oute</span> <span class='ocrx_word' id='word_1_188' title='bbox 1025 3233 1177 3302; x_wconf 83' lang='lat' dir='ltr'>curanda</span> 
     </span>
     <span class='ocr_line' id='line_1_29' title="bbox 136 3348 1175 3444; baseline -0.004 -24"><span class='ocrx_word' id='word_1_189' title='bbox 136 3351 214 3443; x_wconf 89' lang='lat' dir='ltr'>plus</span> <span class='ocrx_word' id='word_1_190' title='bbox 232 3375 331 3443; x_wconf 89' lang='lat' dir='ltr'>aequo</span> <span class='ocrx_word' id='word_1_191' title='bbox 350 3361 494 3444; x_wconf 89' lang='lat' dir='ltr'>operata</span> <span class='ocrx_word' id='word_1_192' title='bbox 504 3349 705 3442; x_wconf 87' lang='lat' dir='ltr'>juventus.‘’</span> <span class='ocrx_word' id='word_1_193' title='bbox 741 3349 956 3432; x_wconf 82' lang='lat' dir='ltr'>Quinetiam,</span> <span class='ocrx_word' id='word_1_194' title='bbox 971 3350 1065 3439; x_wconf 96' lang='lat' dir='ltr'>quod</span> <span class='ocrx_word' id='word_1_195' title='bbox 1084 3348 1175 3439; x_wconf 90' lang='lat' dir='ltr'>plebi</span> 
     </span>
     <span class='ocr_line' id='line_1_30' title="bbox 136 3465 1174 3551; baseline -0.002 -16"><span class='ocrx_word' id='word_1_196' title='bbox 136 3468 277 3537; x_wconf 84' lang='lat' dir='ltr'>urbanae</span> <span class='ocrx_word' id='word_1_197' title='bbox 311 3468 455 3538; x_wconf 86' lang='lat' dir='ltr'>solenne</span> <span class='ocrx_word' id='word_1_198' title='bbox 488 3478 552 3551; x_wconf 87' lang='lat' dir='ltr'>est,</span> <span class='ocrx_word' id='word_1_199' title='bbox 588 3476 717 3537; x_wconf 89' lang='lat' dir='ltr'>saturae</span> <span class='ocrx_word' id='word_1_200' title='bbox 757 3465 867 3536; x_wconf 87' lang='lat' dir='ltr'>semel</span> <span class='ocrx_word' id='word_1_201' title='bbox 908 3475 945 3535; x_wconf 88' lang='lat' dir='ltr'>et</span> <span class='ocrx_word' id='word_1_202' title='bbox 983 3467 1174 3544; x_wconf 84' lang='lat' dir='ltr'>desidiosae,</span> 
     </span>
     <span class='ocr_line' id='line_1_31' title="bbox 135 3582 1174 3675; baseline -0.001 -24"><span class='ocrx_word' id='word_1_203' title='bbox 135 3583 288 3652; x_wconf 91' lang='lat' dir='ltr'>multum</span> <span class='ocrx_word' id='word_1_204' title='bbox 308 3582 420 3652; x_wconf 89' lang='lat' dir='ltr'>valuit</span> <span class='ocrx_word' id='word_1_205' title='bbox 437 3585 474 3652; x_wconf 91' lang='lat' dir='ltr'>in</span> <span class='ocrx_word' id='word_1_206' title='bbox 491 3607 533 3652; x_wconf 87' lang='lat' dir='ltr'>ea</span> <span class='ocrx_word' id='word_1_207' title='bbox 550 3584 695 3651; x_wconf 81' lang='lat' dir='ltr'>civitate</span> <span class='ocrx_word' id='word_1_208' title='bbox 712 3582 813 3653; x_wconf 87' lang='lat' dir='ltr'>malae</span> <span class='ocrx_word' id='word_1_209' title='bbox 830 3591 867 3652; x_wconf 92' lang='lat' dir='ltr'>et</span> <span class='ocrx_word' id='word_1_210' title='bbox 885 3582 1033 3652; x_wconf 86' lang='lat' dir='ltr'>effraenis</span> <span class='ocrx_word' id='word_1_211' title='bbox 1051 3582 1174 3675; x_wconf 80' lang='lat' dir='ltr'>lingua</span> 
     </span>
    </p>
   </div>
   <div class='ocr_carea' id='block_1_4' title="bbox 135 3696 1119 3791">
    <p class='ocr_par' dir='ltr' id='par_1_14' title="bbox 135 3696 1119 3791">
     <span class='ocr_line' id='line_1_32' title="bbox 135 3696 1119 3791; baseline 0.002 -25"><span class='ocrx_word' id='word_1_212' title='bbox 135 3698 299 3770; x_wconf 84' lang='lat' dir='ltr'>licentia:</span> <span class='ocrx_word' id='word_1_213' title='bbox 327 3700 371 3769; x_wconf 91' lang='lat' dir='ltr'>de</span> <span class='ocrx_word' id='word_1_214' title='bbox 388 3723 458 3790; x_wconf 91' lang='lat' dir='ltr'>qua</span> <span class='ocrx_word' id='word_1_215' title='bbox 474 3701 666 3791; x_wconf 86' lang='lat' dir='ltr'>prudenter</span> <span class='ocrx_word' id='word_1_216' title='bbox 683 3696 883 3782; x_wconf 66' lang='lat' dir='ltr'>Nausicaal,</span> <span class='ocrx_word' id='word_1_217' title='bbox 901 3704 975 3780; x_wconf 82' lang='grc' dir='ltr'>τῶν,</span> <span class='ocrx_word' id='word_1_218' title='bbox 995 3702 1119 3791; x_wconf 90' lang='lat' dir='ltr'>inquit,</span> 
     </span>
    </p>
   </div>
   <div class='ocr_carea' id='block_1_5' title="bbox 276 3872 934 4030">
    <p class='ocr_par' dir='ltr' id='par_1_15' title="bbox 276 3872 934 4030">
     <span class='ocr_line' id='line_1_33' title="bbox 345 3872 873 3944; baseline -0.002 -18"><span class='ocrx_word' id='word_1_219' title='bbox 345 3874 451 3927; x_wconf 79' lang='grc' dir='ltr'>ἀλεείνω</span> <span class='ocrx_word' id='word_1_220' title='bbox 463 3876 544 3944; x_wconf 78' lang='grc' dir='ltr'>φῆμιν</span> <span class='ocrx_word' id='word_1_221' title='bbox 555 3873 669 3935; x_wconf 82' lang='grc' dir='ltr'>ἀδευκέα,</span> <span class='ocrx_word' id='word_1_222' title='bbox 682 3873 756 3942; x_wconf 84' lang='grc' dir='ltr'>μήτις</span> <span class='ocrx_word' id='word_1_223' title='bbox 768 3872 873 3926; x_wconf 79' lang='grc' dir='ltr'>ὀπίσσω</span> 
     </span>
     <span class='ocr_line' id='line_1_34' title="bbox 276 3959 934 4030; baseline -0.003 -17"><span class='ocrx_word' id='word_1_224' title='bbox 276 3960 387 4030; x_wconf 79' lang='grc' dir='ltr'>μωμεύῃ·</span> <span class='ocrx_word' id='word_1_225' title='bbox 406 3960 475 4028; x_wconf 82' lang='grc' dir='ltr'>μάλα</span> <span class='ocrx_word' id='word_1_226' title='bbox 487 3960 508 4013; x_wconf 90' lang='grc' dir='ltr'>δ’</span> <span class='ocrx_word' id='word_1_227' title='bbox 521 3961 589 4014; x_wconf 78' lang='grc' dir='ltr'>εἰσὶν</span> <span class='ocrx_word' id='word_1_228' title='bbox 600 3961 757 4029; x_wconf 79' lang='grc' dir='ltr'>ὑπερφίαλοι</span> <span class='ocrx_word' id='word_1_229' title='bbox 770 3960 833 4012; x_wconf 83' lang='grc' dir='ltr'>κατὰ</span> <span class='ocrx_word' id='word_1_230' title='bbox 846 3959 934 4028; x_wconf 81' lang='grc' dir='ltr'>δῆμον.</span> 
     </span>
    </p>
   </div>
   <div class='ocr_carea' id='block_1_6' title="bbox 205 4207 1107 4279">
    <p class='ocr_par' dir='ltr' id='par_1_16' title="bbox 205 4207 1107 4279">
     <span class='ocr_line' id='line_1_35' title="bbox 205 4207 1107 4279; baseline -0.002 -17"><span class='ocrx_word' id='word_1_231' title='bbox 205 4217 217 4254; x_wconf 64' lang='lat'>‘6</span> <span class='ocrx_word' id='word_1_232' title='bbox 238 4209 291 4262; x_wconf 91' lang='lat' dir='ltr'>Od.</span> <span class='ocrx_word' id='word_1_233' title='bbox 304 4209 357 4263; x_wconf 87' lang='lat' dir='ltr'>viii.</span> <span class='ocrx_word' id='word_1_234' title='bbox 371 4226 432 4276; x_wconf 83' lang='lat'>311.</span> <span class='ocrx_word' id='word_1_235' title='bbox 626 4210 642 4245; x_wconf 69' lang='lat'>¹¹</span> <span class='ocrx_word' id='word_1_236' title='bbox 660 4210 713 4262; x_wconf 88' lang='lat' dir='ltr'>viii.</span> <span class='ocrx_word' id='word_1_237' title='bbox 727 4223 787 4279; x_wconf 79' lang='lat'><strong>557.</strong></span> <span class='ocrx_word' id='word_1_238' title='bbox 973 4207 980 4244; x_wconf 78' lang='lat'>¹</span> <span class='ocrx_word' id='word_1_239' title='bbox 1000 4209 1034 4262; x_wconf 92' lang='lat' dir='ltr'>vi.</span> <span class='ocrx_word' id='word_1_240' title='bbox 1049 4222 1107 4278; x_wconf 79' lang='lat'>273.</span> 
     </span>
    </p>
   </div>
   <div class='ocr_carea' id='block_1_7' title="bbox 0 0 1374 4866">
    <p class='ocr_par' dir='ltr' id='par_1_17' title="bbox 0 0 1374 4866">
     <span class='ocr_line' id='line_1_36' title="bbox 0 0 1374 4866; baseline 0 1"><span class='ocrx_word' id='word_1_241' title='bbox 0 0 1374 4866; x_wconf 95' lang='lat' dir='ltr'> </span> 
     </span>
    </p>
   </div>
  </div>
 </body>
</html>
