2738 4866
159 324 225 386 822
277 321 444 406 AErrlybss
457 343 551 407 quare
564 322 605 387 rit
618 320 783 386 tristaris
799 341 831 384 re
845 319 964 387 ὠὶνννα.
1005 345 1103 388 rnna.
1118 344 1208 388 xvnr.

160 490 301 563 Videtis
321 491 471 560 eandem
490 489 602 559 ferme
617 490 791 559 rationem
815 488 975 580 proferri,
991 497 1103 579 atque
1119 512 1212 571 eam,

159 627 230 696 qua
258 606 373 675 utitur
398 605 436 674 in
463 604 591 674 eodem
615 611 825 697 argumento
849 605 1071 672 venerandus
1097 626 1209 673 sacra·

159 728 289 788 sancta
311 719 516 811 Theologiae
533 719 693 799 antistes,
710 717 894 789 Butlerus,
940 717 979 786 Is
995 718 1104 798 enim,
1128 739 1208 787 oum

159 855 220 902 eos
250 832 534 925 reprehenderet,
562 834 637 922 qni,
670 831 754 901 freti
780 832 946 923 opinione
976 832 1206 912 necessitatis,

159 955 291 1040 negant
324 945 436 1016 malos
468 957 566 1016 recte
605 946 731 1037 puniri,
767 945 998 1037 interrogavit
1029 953 1206 1036 peracute,

159 1069 180 1100 ‘⁶
194 1060 283 1144 Quae
312 1062 502 1132 necessitas
532 1061 679 1130 crimine
701 1060 797 1130 levat
828 1060 932 1129 caedis
957 1083 1066 1142 rcum,
1087 1057 1207 1150 quidni

159 1171 303 1244 ultorem
328 1176 438 1246 etiam
466 1174 628 1244 levot¹2''
690 1173 776 1243 Non
802 1196 926 1264 parum
949 1173 1046 1243 valet
1070 1174 1110 1243 in
1135 1173 1209 1241 AEs·

159 1288 252 1380 chyli
271 1297 393 1359 mente
410 1287 631 1369 declaranda,
648 1289 741 1378 quod
760 1310 826 1357 acu
844 1287 943 1377 quasi
961 1288 1124 1378 tetigerit
1140 1308 1207 1354 non

159 1400 266 1471 modo
284 1424 406 1470 eorum
424 1423 588 1482 errorem,
606 1402 678 1491 qui,
696 1401 770 1470 fato
787 1423 962 1481 concesso,
985 1400 1065 1469 tolli
1083 1405 1207 1490 putant

158 1513 378 1607 religionem,
406 1539 529 1585 verum
556 1517 665 1585 etiam
699 1515 830 1585 subtile
856 1516 1027 1608 ingeniosi
1058 1514 1206 1584 hominis
1283 1582 1285 1586 .

159 1652 377 1722 responsum,
399 1653 470 1721 quo
490 1631 521 1699 ia
541 1632 672 1711 docuit,
693 1631 818 1699 mundi
838 1631 1006 1722 regimen,
1027 1632 1097 1699 etsi
1120 1630 1207 1699 foret

159 1743 277 1826 fatale,
289 1745 494 1835 justissimis
511 1754 633 1815 tamen
651 1745 823 1814 contineri
840 1767 943 1836 posse
960 1744 1111 1836 legibus.

210 1857 303 1928 Haec
324 1858 442 1942 habui,
460 1882 538 1949 quae
559 1883 604 1929 ex
627 1857 912 1952 Agamemnonia
934 1860 1025 1929 serie
1045 1869 1205 1950 putarem

160 1970 227 2041 hoo
245 1981 405 2064 tempore
423 1976 675 2064 expromenda:
702 1997 772 2066 quo
790 1974 920 2044 certius
935 1983 1116 2044 constaret
1133 1974 1206 2042 [Ἐν

160 2084 253 2177 chyli
271 2089 448 2156 sententia
465 2089 510 2156 de
521 2089 641 2157 divino
655 2112 773 2157 rerum
785 2089 940 2158 arbitrio.
974 2089 1064 2171 Quae
1080 2089 1205 2169 omnia,

160 2201 188 2269 ai
209 2223 273 2292 per
295 2210 437 2293 tempus
458 2203 591 2282 liceret,
613 2203 827 2272 cumulanda
847 2212 948 2272 erant
964 2202 1090 2272 multis
1113 2226 1206 2294 mag-

160 2315 285 2405 nisque
311 2316 496 2408 exemplis,
532 2316 661 2407 partim
689 2307 865 2407 excerptis
898 2317 943 2386 ab
973 2317 1101 2386 eadem
1128 2317 1206 2387 Tra·

159 2430 285 2522 goedia,
300 2432 427 2522 partim
446 2454 467 2500 e
484 2431 619 2522 reliqua
633 2429 813 2525 Ὀρεστεῖᾳ
832 2430 993 2502 delectis.

211 2657 348 2730 Verum
372 2662 557 2729 redeamus
578 2660 623 2728 ad
646 2659 879 2741 Promethea3
904 2662 1073 2750 quoniam
1098 2684 1144 2730 ex
1166 2684 1206 2730 ea

158 2773 379 2863 potissimum
402 2773 523 2841 fabula
543 2774 763 2842 decrevimus
786 2773 892 2842 hodie
912 2774 1087 2864 expiscari
1110 2797 1206 2842 men·

158 2894 234 2955 tem
255 2886 391 2956 Poetae.
444 2886 501 2956 Ex
526 2888 579 2970 iis,
602 2911 683 2978 quae
702 2888 780 2977 jam
802 2887 897 2956 dicta
922 2895 1016 2971 sunt,
1039 2889 1126 2958 satis
1147 2911 1204 2979 ap·

158 3009 269 3091 paret,
299 2998 417 3095 μοιρὰς
443 3002 521 3071 illas
547 3001 765 3095 τριμόρφους,
795 3005 956 3081 μνήμονας
985 3002 1016 3071 τ’
1045 3002 1205 3097 Ἐρινύας,

157 3137 229 3182 non
250 3138 347 3185 coeca
366 3117 578 3185 necessitate
595 3116 663 3206 agi,
682 3117 744 3184 sed
763 3138 839 3184 rem
860 3137 984 3207 gerere
1008 3117 1205 3206 aequissimo

157 3229 302 3298 rationis
330 3231 476 3320 judicio.
545 3229 641 3313 Quid
674 3230 810 3322 igitur?
853 3231 1016 3299 universo
1052 3231 1205 3299 carmine

157 3340 283 3410 diffirsa
299 3342 361 3415 illa
376 3344 423 3412 de
445 3343 653 3413 mortalibus
673 3344 777 3436 aegris
793 3345 947 3427 tristitia,
964 3367 1043 3434 quae
1061 3346 1205 3414 tandem

157 3455 340 3547 qualisque
367 3457 488 3526 haberi
516 3459 624 3527 debet
633 3458 652 3529 2*
710 3457 876 3537 Omnino,
906 3459 943 3526 ni
970 3457 1084 3540 fallor,
1114 3459 1204 3529 hanc

156 3570 229 3638 vim
242 3570 371 3653 habet3
397 3579 439 3639 nt
456 3573 633 3663 exprimat
645 3574 747 3642 nobis
760 3573 918 3643 animum
930 3595 1001 3642 non
1016 3575 1062 3642 de
1076 3574 1205 3643 Numi-

157 3684 211 3751 nis
228 3685 375 3775 imperio
392 3687 579 3768 incertum,
593 3689 654 3756 sed
671 3687 828 3756 maxime
845 3695 964 3756 tamen
983 3695 1203 3757 commotum

156 3804 193 3865 et
206 3798 414 3887 inquietum,
429 3809 572 3890 propter
585 3823 627 3870 ea
644 3824 725 3892 quae
738 3820 812 3891 prae
825 3821 863 3870 se
881 3800 1000 3869 ferunt
1013 3801 1100 3870 dirae
1112 3800 1204 3871 illius

156 3913 376 3981 necessitatis
389 3914 655 3984 similitudinem
670 3923 707 3985 et
721 3917 887 4006 speciem.
929 3915 1053 3985 Verbo
1067 3917 1203 3997 dicam3

155 4025 328 4093 mundum
355 4049 430 4096 esse
456 4027 607 4096 liberum
637 4037 830 4120 auguratus
860 4037 915 4098 est
941 4029 1203 4119 quodammodo

156 4140 352 4234 AEschylus‚
374 4143 435 4211 sed
459 4165 501 4211 ec
525 4143 756 4233 torquebatur
776 4152 814 4223 et
832 4143 1020 4224 *estuabat
1044 4148 1141 4235 quod
1169 4148 1202 4215 in

518 4303 529 4331 ¹
547 4294 675 4364 Analoqy,
688 4313 715 4364 p.
729 4311 752 4347 1.
765 4312 789 4347 c.
800 4297 835 4350 vi.
