2738 4866
139 296 142 302 ι
221 320 265 380 58
480 315 638 378 Priamrt'i
652 316 756 378 Poctoe
769 313 828 378 sibi
842 323 997 377 condant:
1128 332 1267 374 rann-v.

221 479 396 571 poeticam
435 477 614 558 translata,
650 476 840 558 videamus,
875 477 903 543 si
945 473 1072 565 placet,
1107 473 1193 563 quid
1226 494 1271 540 ea

221 594 338 663 valeat
351 594 386 661 in
405 592 573 662 classibus
587 591 778 660 Poetarum
795 589 1061 670 constituendis,
1075 588 1266 678 lustroque,

220 718 262 776 ut
279 709 330 777 ita
346 707 472 787 dicam,
487 706 681 775 condendo.

271 931 458 1022 Principio,
480 931 509 1000 is
535 931 679 999 omnino
698 931 880 1021 judicetur
903 954 949 999 ex
975 931 1082 1000 animi
1109 931 1162 999 sui
1189 953 1268 1000 sen-

219 1048 333 1115 tentia
354 1046 539 1136 scripsisse,
557 1046 617 1136 qui
639 1054 701 1115 aut
721 1069 784 1138 per
801 1046 919 1115 omnia
936 1047 1001 1116 sibi
1025 1054 1175 1128 constat,
1192 1055 1265 1128 aut,

220 1162 406 1252 siquando
425 1160 563 1252 longius
584 1170 762 1253 evagatur,
781 1161 911 1241 ὁμαλῶς
931 1170 1051 1229 tamen
1075 1183 1151 1230 esse
1169 1163 1266 1231 vide-

219 1285 279 1345 tur
301 1276 479 1357 ἇνώμαλος.
530 1275 594 1345 Sin
617 1278 734 1345 studia
756 1276 899 1368 colligat
922 1299 963 1345 ac
986 1285 1094 1368 ponat
1119 1284 1264 1356 temere,

219 1400 257 1460 et
270 1415 332 1481 pro
350 1393 485 1461 ratione
502 1398 702 1483 tempomm
716 1399 886 1472 mutetur,
899 1392 1091 1459 verendum
1109 1413 1205 1473 sane,
1219 1413 1264 1459 ne

219 1507 366 1575 artificio
383 1506 505 1597 magis,
522 1529 628 1596 quam
646 1506 754 1575 animi
772 1506 918 1598 impetu,
938 1505 1049 1576 Poeta
1066 1508 1246 1597 prodierit.

268 1617 391 1708 Atque
408 1627 449 1688 ut
466 1618 666 1686 domesticis
679 1625 761 1686 utar
773 1617 964 1708 exemplis:
991 1618 1056 1687 sibi
1069 1641 1134 1708 per
1145 1619 1264 1687 omnia

218 1742 379 1802 constare
397 1733 558 1811 dixerim,
574 1732 709 1821 siquem
724 1730 845 1812 alium,
860 1730 1074 1822 Spensemm
1087 1740 1262 1801 nostrum:

218 1849 278 1939 qui
292 1848 492 1938 ubicunque
510 1855 683 1915 terrarum
701 1846 888 1926 deferatur,
902 1867 965 1914 seu
981 1846 1089 1937 lyrico
1107 1847 1263 1916 carmine

112 2045 115 2052 Δ
217 1967 349 2038 utatur,
379 1960 452 2026 sive
481 1958 643 2039 heroic03
679 1958 752 2026 sive
785 1957 967 2038 amatorio,
997 1958 1070 2025 sive
1099 1957 1262 2050 lugubri3

218 2072 367 2141 formam
389 2072 501 2162 ipsam
525 2079 562 2139 et
579 2071 709 2140 faciem
732 2094 821 2140 verae
840 2070 1050 2140 Nobilitatis
1069 2073 1159 2140 miro
1177 2096 1263 2163 quo-

219 2189 300 2256 dam
323 2210 442 2256 amore
460 2187 641 2255 intuetur:
668 2186 823 2276 excipias
845 2187 951 2255 modo
975 2210 1051 2278 quae
1074 2208 1176 2256 secus
1202 2210 1263 2258 ex-

219 2303 368 2372 ciderint
392 2301 527 2370 curiose
555 2300 659 2369 nimis
685 2301 840 2368 imitanti
857 2309 996 2370 vetera:
1024 2325 1101 2393 quae
1118 2305 1261 2393 quidem

218 2418 392 2487 rarissima
417 2424 510 2486 sunt.
568 2413 622 2483 At
648 2414 812 2506 Spenseri
841 2416 992 2507 aequalis,
1010 2416 1262 2510 Tragoedorum

217 2532 279 2602 ille
295 2533 465 2624 princeps,
483 2553 553 2620 qua
570 2532 714 2599 tandem
732 2531 866 2601 ratione
884 2531 1019 2601 stabilis
1040 2541 1076 2601 et
1098 2543 1262 2604 constans

219 2648 383 2718 vocetur?
400 2648 461 2738 qui
471 2648 559 2715 adeo
570 2647 740 2716 “humani
753 2647 841 2715 nihil
852 2671 873 2717 a
883 2671 921 2717 se
931 2648 1105 2719 alienum’'
1115 2660 1263 2742 putave-

218 2765 276 2847 rit,
288 2774 330 2833 ut
344 2788 436 2846 eum,
451 2762 563 2832 veluti
574 2760 796 2853 Aristippum
810 2765 996 2853 quendam,
1012 2765 1154 2834 “omnis
1166 2767 1263 2836 color

219 2888 257 2948 et
279 2887 403 2961 status,
421 2887 459 2947 et
482 2880 569 2960 res‚’'
586 2877 717 2968 pariter
734 2878 845 2945 ferme
864 2887 883 2916 “
895 2879 1071 2948 decuisse”
1089 2880 1261 2952 videatur.

218 2994 275 3064 Ac
300 2995 398 3063 fuere
423 3015 518 3074 sanc,
543 2992 711 3082 quicum
736 2991 824 3061 nihil
850 3015 1005 3083 unquam
1032 2996 1123 3064 serio
1148 2998 1263 3089 egisse

216 3117 392 3201 putarent,
411 3108 471 3176 sed
498 3107 742 3198 praestantibus
767 3108 873 3176 modo
895 3108 1035 3190 viribus,
1059 3119 1100 3179 ut
1122 3111 1262 3195 dicitur,

217 3220 296 3317 ἄερα
321 3221 430 3316 δέρειν.
482 3221 643 3302 Quorum
669 3222 697 3290 si
728 3244 810 3290 vera
834 3231 926 3291 esset
951 3227 1136 3305 sententia,
1160 3228 1262 3297 nobis

216 3346 312 3408 certe
330 3337 513 3405 fatendum
536 3343 624 3417 erat,
641 3357 765 3427 pamm
789 3358 852 3405 nos
875 3338 911 3405 in
935 3339 1097 3410 universa
1115 3339 1261 3412 Poetica

216 3455 370 3522 vidisse:
415 3472 497 3519 nam
527 3471 688 3539 quaenam
722 3450 813 3519 foret
847 3452 1018 3541 ejusmodi
1053 3456 1152 3538 ratio,
1184 3480 1261 3548 quae
1354 3435 1356 3441 Ι

217 3568 325 3637 Illum
339 3564 549 3657 primoribus
563 3564 712 3634 adscribi
727 3566 902 3636 vetuerit?
938 3566 1010 3637 Sed
1023 3572 1195 3640 memoria
1207 3595 1261 3641 re-

216 3682 354 3775 petatis,
369 3703 440 3757 oro,
455 3702 533 3769 quae
550 3679 679 3769 cuique
696 3687 853 3748 vestrum
866 3680 973 3749 fuerit
991 3683 1096 3751 animi
1116 3695 1259 3756 senten·

216 3797 276 3877 tia,
290 3793 426 3863 fabulas
446 3793 530 3860 istas
547 3794 660 3882 prima
678 3794 754 3862 vice
772 3793 977 3886 perlegenti.
1013 3796 1157 3880 Nonne,
1175 3823 1259 3870 cum

215 3912 325 3981 totius
343 3907 522 3977 Poematis
540 3906 698 3988 decursu,
716 3909 905 3999 proborum
923 3933 984 3978 vos
1005 3934 1046 3980 ae
1064 3915 1213 4003 piomm‚
1231 3917 1260 3986 si

215 4027 275 4117 qui
289 4030 399 4102 erant,
413 4031 530 4112 partes
547 4022 723 4111 suscipere
736 4022 966 4105 meministis3
993 4031 1071 4093 tum
1085 4029 1261 4120 praecipue

215 4162 296 4209 cum
317 4144 464 4205 ventum
486 4144 562 4203 erat
583 4136 627 4203 ad
647 4144 666 4172 ‘⁶
678 4134 872 4217 Plaudite,'’
890 4139 988 4228 quasi
1012 4140 1175 4212 stimulos
1193 4145 1262 4212 vir-

215 4255 302 4323 tutis
332 4249 515 4317 inanimo
543 4246 684 4316 relictos
715 4250 868 4319 sentire?
900 4274 1015 4343 neque
1048 4255 1124 4344 ejus
1153 4257 1262 4325 modo
