2738 4866
270 1603 670 1737 ramusculo
714 1657 1082 1741 annueram.

155 2111 322 2182 Rependitur
332 2115 448 2184 Lucerini
460 2116 566 2181 dietam,
581 2116 732 2188 Odymeiam
744 2138 803 2190 pra
818 2138 846 2173 se
857 2120 935 2188 serre
946 2121 1084 2173 sauciatis
1095 2119 1203 2173 indicia.

193 2198 239 2251 Sic
257 2216 313 2252 eam
334 2204 468 2256 convenire
484 2206 582 2268 mulia,
594 2213 624 2258 al
644 2206 753 2259 Iliadem
770 2208 904 2260 militibus.
944 2207 1015 2266 Quid
1027 2208 1056 2258 in
1072 2224 1104 2259 ea
1120 2207 1207 2260 valeat

192 2282 282 2338 ἅιηιιω
293 2292 319 2338 el
330 2287 379 2340 olii
390 2287 553 2344 deciderim

247 2503 376 2577 ΕΝΙΟ
402 2530 497 2576 nunc
523 2508 567 2576 ad
593 2508 745 2578 alterum
771 2509 860 2578 illud
885 2533 999 2580 aureae
1020 2510 1207 2578 vetustatis

271 2622 446 2706 κειμηλίον,
478 2623 705 2714 Odysseiam:
745 2646 826 2713 quae
860 2624 1005 2714 quidem
1039 2624 1091 2692 ita
1124 2645 1207 2690 cum

159 2734 272 2806 Iliade
300 2739 473 2830 congruit,
502 2745 543 2806 ut
570 2738 689 2807 locum
726 2746 846 2808 tamen
881 2738 1036 2829 aliquem
1069 2738 1208 2806 dederit

158 2849 317 2920 molestis
343 2852 563 2943 quorundam
585 2851 771 2920 hominum
802 2853 959 2943 argutiis,
985 2873 1118 2932 eorum,
1145 2852 1206 2941 qui

158 2965 348 3036 manifesta
368 2968 487 3036 omnia
509 2966 713 3034 indubium
732 2988 858 3034 vocare
875 2975 1007 3034 amant.
1060 2965 1207 3056 Negant

156 3078 292 3149 seilicet
322 3080 398 3149 fieri
428 3081 595 3172 potuisse,
624 3089 666 3149 ut
699 3103 745 3149 ex
776 3103 846 3148 unc
882 3079 1078 3171 eodemque
1109 3078 1208 3148 fonte

159 3194 224 3261 rivi
244 3202 430 3263 manarent
451 3194 540 3264 adeo
557 3194 765 3275 dissimiles3
792 3193 993 3263 Homerum
1011 3202 1073 3264 aut
1096 3194 1209 3262 nemi-

158 3330 242 3377 nem
277 3332 432 3401 unquam
466 3311 639 3391 extitisse,
669 3318 732 3378 aut
762 3318 859 3378 certe
892 3308 1002 3377 alium
1032 3308 1211 3398 quendam

156 3423 277 3513 Trejae,
312 3423 421 3493 alium
456 3423 588 3494 Ithacae
623 3424 730 3493 fiune
764 3431 963 3492 autumant.
1033 3421 1104 3492 Sed
1140 3444 1233 3514 ego¹

160 3537 369 3608 ratiunculis
398 3561 532 3620 eorum,
561 3537 780 3618 Academici,
809 3538 1037 3629 supersedere
1067 3537 1207 3605 decrevi

158 3650 227 3724 hoc-
252 3661 436 3743 tempore:
472 3653 600 3744 partim
622 3653 698 3742 jam
729 3658 836 3721 antea
861 3653 955 3732 setis,
981 3659 1023 3718 ut
1048 3650 1214 3730 arbitror,¹

157 3767 313 3859 explosis
328 3790 337 3850 ;
363 3791 446 3837 nam
463 3767 630 3859 pleraque
648 3789 781 3848 eorum,
800 3790 879 3856 quae
892 3767 937 3835 de
956 3765 1069 3835 Iliade
1089 3788 1153 3833 nos
1171 3765 1208 3832 in

160 3880 251 3951 hanc
271 3889 410 3972 partem
427 3881 694 3973 disputavimus,
713 3880 812 3950 nullo
836 3882 980 3972 negotio
1005 3881 1076 3949 huc
1098 3888 1210 3949 trans·

159 3993 242 4064 ferri
255 4004 445 4087 poterunt:
472 4004 626 4079 caeteras,
641 4018 705 4065 suo
718 4019 866 4086 quaeque
884 3996 972 4077 loco,
986 4019 1032 4065 ex
1050 4020 1088 4064 re
1107 4003 1144 4064 et
1162 4019 1207 4065 ex

161 4118 332 4200 tempore,
350 4118 392 4179 ut
409 4119 544 4201 potero,
562 4110 762 4200 expediam.

194 4221 319 4314 Atque
337 4225 394 4294 hic
414 4225 515 4294 venia
532 4225 577 4294 sit
594 4224 776 4294 adhibenti
794 4224 891 4293 illam
910 4224 1007 4313 quasi
1022 4223 1210 4292 formulam
