2738 4866
212 326 256 387 28
377 321 462 402 Quid
473 324 508 386 ia
520 323 651 386 Pictura
665 331 743 386 recta
753 322 1085 388 lodaoturPocticuan:
1109 347 1204 389 eane.
1217 347 1265 389 111.

212 493 359 584 quisquc
376 492 461 574 ritu,
473 491 620 560 adorant
636 491 720 560 hinc
734 489 915 575 Pontifex,
929 492 1027 564 illinc
1040 495 1182 586 puella;
1203 496 1265 566 hie

212 606 340 689 senilis,
364 606 426 676 illa
451 606 621 698 virgineae
650 607 848 675 sanctitatis
871 607 1127 691 suavissimum,
1157 612 1263 681 mista

211 722 397 815 gravitate,
428 719 619 811 exemplar.
686 721 730 789 In
764 717 883 790 medio
913 723 997 791 alati
1034 724 1104 793 duo
1139 727 1261 816 pucri3

212 859 300 926 quos
325 836 473 905 mirifice
500 859 571 926 prae
596 857 635 904 se
656 836 747 904 ferre
776 835 953 906 tenellulae
980 839 1162 928 cujusdam
1188 842 1264 932 pie·
1340 869 1346 879 ·

212 950 297 1019 tatis
320 948 476 1019 indolem
498 973 604 1019 nemo
621 973 693 1018 non
710 951 828 1021 videt:
853 952 947 1051 ipsos
965 952 1109 1043 quidem
1133 954 1263 1023 aversis

211 1088 232 1134 a
250 1064 404 1158 Virgine
420 1064 542 1146 oculis,
560 1065 622 1134 sed
639 1066 699 1146 ita,
717 1073 759 1133 ut
781 1074 885 1158 gestu
903 1066 1075 1157 vultuque
1092 1067 1263 1151 indicent,

211 1188 385 1271 praesentc
399 1178 491 1261 Deo,
505 1202 646 1249 securos
664 1203 702 1250 se
720 1182 859 1273 degere.
907 1182 1002 1265 Quid
1020 1181 1159 1252 multu?
1184 1205 1263 1275 gre-

212 1294 361 1363 vissimis
382 1294 567 1363 sententiis
590 1294 748 1363 abundat
772 1317 990 1386 unaquaeque
1014 1297 1089 1385 ejus
1111 1295 1262 1387 picturae

211 1432 301 1501 pars,
324 1411 470 1501 ipsoque
500 1417 645 1500 aspectu
671 1411 799 1479 docere
826 1409 967 1480 videtur
992 1411 1165 1495 homines,
1192 1436 1262 1503 qua

211 1534 333 1594 mente
352 1525 471 1594 divina
487 1525 563 1593 fieri
581 1533 755 1615 oporteat.

260 1639 464 1711 'Veniamus
486 1639 537 1708 ad·
561 1641 795 1708 recentiorem
813 1638 942 1714 illum:
975 1640 1011 1708 in
1036 1663 1106 1731 quo
1131 1640 1169 1710 id
1194 1642 1264 1732 pri-

212 1779 311 1825 mum
335 1754 485 1825 moleste
506 1756 703 1837 ferendum,
722 1756 816 1846 quod
839 1755 929 1824 isin
952 1755 1174 1824 sanctissima
1197 1755 1263 1825 hae

212 1873 361 1942 materia
376 1871 550 1941 infelicior
567 1861 729 1939 extiterit
747 1892 853 1961 quam
878 1871 914 1938 11
939 1869 1087 1939 caeteris.
1140 1869 1265 1962 Negat

212 1995 338 2057 auctor
354 1987 439 2056 satis
455 1987 613 2068 idoneus,
631 1985 886 2057 Britannorum
912 1986 949 2053 in
974 1993 1052 2054 arte
1077 2007 1141 2054 sua
1160 1985 1264 2054 facilc

213 2104 386 2193 princeps,
404 2103 496 2172 bene
519 2112 675 2193 unquam
696 2104 841 2172 cessisse
857 2102 942 2171 huic
965 2102 1092 2193 pictori
1116 2101 1154 2170 in
1173 2100 1264 2170 Filio

214 2217 283 2287 Dei
313 2219 566 2299 adumbrand0‚
592 2220 715 2288 nisisi
741 2218 881 2308 quando
907 2226 1089 2287 mortuum
1116 2219 1265 2309 depinx-

214 2330 313 2404 eritb.
366 2335 487 2405 Etiam
517 2335 554 2403 in
584 2335 646 2403 illo
675 2335 752 2426 ipso
780 2357 922 2426 genere,
950 2334 1046 2424 quod
1074 2356 1163 2425 opus
1189 2333 1265 2424 ejus

214 2449 536 2541 splendidissimum
557 2458 659 2519 extat
684 2472 725 2518 ac
751 2450 985 2528 notissimum,
1003 2449 1038 2518 id
1058 2471 1142 2517 eum
1164 2449 1266 2518 aiunt

214 2587 343 2657 magna
360 2569 405 2634 ex
422 2569 523 2657 parte
540 2565 586 2634 ab
603 2564 696 2635 Italo
711 2564 866 2654 'quodam
884 2572 1011 2632 mutuo
1033 2565 1264 2655 sumpsiss003

214 2679 413 2750 Cnslsvuiu
441 2682 520 2750 dico
546 2681 591 2748 de
618 2679 732 2749 Cruce
758 2680 971 2748 demissum:
1003 2687 1045 2747 ut
1071 2679 1132 2747 vix
1155 2687 1263 2747 unam

213 2796 367 2887 aliquam
386 2797 431 2865 de
455 2796 615 2887 pluribus
639 2796 713 2886 ejus
736 2792 866 2863 tabulis
889 2794 1058 2875 invenias,
1076 2816 1154 2884 quac
1181 2817 1264 2863 cum

215 2913 376 2983 Romana
396 2913 464 2982 ista
486 2909 571 2980 satis
589 2912 695 3003 digne
713 2910 904 3001 comparari
923 2911 1044 3000 possit.
1098 2909 1264 2980 Fortasse

214 3029 322 3120 igitur
355 3027 483 3096 melius
516 3027 594 3106 erit,
621 3027 665 3095 ad
696 3048 778 3094 curn
810 3047 916 3114 quem
948 3025 1103 3094 diximus
1133 3025 1264 3094 iterum

214 3165 414 3234 provocare,
437 3142 637 3221 candidum,
661 3141 690 3208 si
713 3140 790 3230 quis
820 3138 920 3220 alius,
951 3139 1149 3229 mitemque
1168 3140 1265 3231 judi-

215 3281 312 3328 cem:
340 3258 400 3348 qui
418 3257 548 3325 multas
565 3277 781 3348 magnasque
798 3254 954 3345 praeclari
971 3254 1127 3322 hominis
1141 3253 1265 3324 laudes

213 3373 279 3443 hau
306 3375 450 3442 tandem
477 3393 624 3440 censura
651 3369 830 3439 cumulat:
864 3377 883 3407 “
895 3365 1043 3448 Eorum,
1069 3391 1158 3458 quos
1189 3372 1265 3461 pin-

213 3497 323 3582 geret,
345 3509 460 3556 mores
488 3493 594 3577 atque
624 3486 766 3578 ingenia
795 3483 893 3553 nullo
919 3506 1075 3574 unquam
1102 3490 1264 3576 tempore

211 3602 341 3695 poetice
366 3601 431 3670 sibi
461 3602 560 3668 intus·
585 3599 754 3692 fingebat.
807 3599 866 3667 Ita
895 3597 996 3665 nobis
1027 3594 1128 3665 effert
1156 3596 1263 3680 Deos,

214 3716 364 3808 Deoque
395 3723 595 3808 prognatos
622 3722 663 3783 ut
690 3712 778 3781 nihil
807 3712 1047 3803 expectationi
1078 3710 1264 3781 hominum

213 3833 433 3924 respondeat,
457 3828 547 3898 nihil
573 3829 667 3897 ultra
691 3828 897 3896 mortalium
920 3827 1067 3894 modum
1094 3835 1264 3920 assurgat,

215 3947 277 4015 sed
301 3969 435 4015 meram
469 3945 589 4013 omnia
618 3943 877 4012 humanitatem
914 3963 1036 4032 sapere
1066 3942 1264 4021 videantur,

215 4061 390 4131 trivialem
403 4058 510 4141 illam,
525 4061 776 4151 communique
793 4053 878 4126 nota
896 4051 1124 4149 signatamdss’
1152 4057 1264 4136 Idem,

403 4225 417 4263 ὓ
431 4225 574 4296 Reynolds,
585 4227 640 4297 Op.
652 4235 672 4280 t.
686 4227 712 4279 ii.
722 4245 749 4295 p.
761 4243 821 4291 214.
859 4223 974 4278 londin.
995 4224 1072 4289 1824.

403 4310 498 4364 cIbid.
512 4329 538 4380 p.
552 4325 613 4381 207.
760 4340 764 4348 ·
845 4310 943 4364 dlbid.
956 4329 983 4379 p.
997 4326 1062 4380 300.
