2738 4866
222 310 263 370 42
322 312 556 394 Poctcepartt'm
574 314 741 387 Printarit',
751 316 872 396 partim
888 317 1069 379 Imitatorcs.
1114 339 1207 379 runc.
1225 339 1267 378 1v.

221 481 303 546 mod
309 479 375 559 ulo,
388 478 518 549 Poetas
530 483 734 570 partiamur.
767 481 848 564 Quo
858 484 894 550 in
907 484 984 553 loco
996 487 1168 576 imprimis
1179 486 1266 555 illud

222 595 503 662 constantissime
521 595 715 662 tenendum
739 617 814 665 esse
835 597 993 678 arbitror,
1012 599 1106 686 quod
1124 601 1267 689 quidem

221 731 276 777 res
302 711 378 801 ipsa
402 710 583 777 admonet:
610 732 744 790 eorum,
767 711 827 800 qui
854 710 975 780 Poetae
1000 722 1180 793 vocantur,
1199 716 1268 784 duo

222 825 365 891 omuino
384 825 456 892 dari
469 844 620 914 genera:
643 847 724 892 nam
739 825 866 915 partim
880 825 1040 896 homines
1053 850 1116 897 sua
1129 839 1266 919 sponte,

222 939 393 1006 desiderio
411 947 617 1019 commotos,
636 939 920 1006 adscribendum
938 942 1114 1022 accedere,
1133 944 1161 1010 si
1175 943 1267 1010 forte

221 1061 283 1120 aut
317 1075 448 1144 aegrum
483 1054 652 1133 animum,
687 1062 748 1120 aut
780 1053 981 1135 incitatum,
1012 1054 1191 1125 effundere
1226 1081 1266 1126 ac

220 1165 377 1234 mulcere
407 1164 568 1246 valeant3
599 1167 739 1255 partim,
766 1167 852 1235 alios
883 1167 958 1236 aliis
989 1170 1033 1237 de
1058 1171 1181 1252 causis,
1209 1194 1266 1239 eo-

221 1303 310 1360 rum,
335 1281 394 1368 qui
417 1281 467 1346 ita
490 1281 701 1370 scripserint,
725 1283 927 1359 sententias,
949 1283 1065 1362 verba,
1089 1305 1265 1365 numeros,

221 1411 361 1478 imitari.
415 1409 501 1477 Illos
527 1409 635 1500 igitur
651 1408 852 1479 Primurios
880 1412 1059 1501 quosdam,
1088 1414 1161 1481 sive
1185 1411 1266 1483 Ver-

221 1522 369 1605 naculos,
401 1547 533 1613 suoque
561 1526 642 1614 jure
673 1524 804 1594 Poetas
840 1526 1080 1596 nominemus:
1119 1535 1267 1599 caeteros

221 1662 343 1707 omnes
366 1639 533 1729 appellari
550 1648 716 1728 putemus
739 1639 970 1708 similitudino
987 1642 1138 1730 quadam
1157 1643 1180 1710 d
1195 1643 1266 1711 vini

220 1755 385 1833 muneris,
404 1777 475 1822 non
492 1754 567 1844 ipsa
588 1755 637 1822 rei
656 1756 816 1823 veritate.

271 1867 375 1950 Quod
393 1877 512 1937 autem
531 1891 573 1936 eo
591 1869 812 1958 potissimum
831 1870 1031 1938 discrimine
1048 1871 1163 1938 notari
1181 1870 1266 1938 veli-

219 2007 298 2052 mus
316 1985 452 2051 diversa
470 1982 659 2051 Poetarum
677 2006 818 2076 genera,
836 1984 923 2051 nihil
942 2006 1025 2052 sane
1047 2006 1179 2052 novum
1204 1993 1265 2054 aut

220 2098 441 2167 reconditum
468 2098 696 2187 proferimus3
722 2121 805 2166 cum
832 2101 925 2189 apud
955 2121 1077 2168 omnes
1104 2099 1179 2167 fere
1204 2098 1266 2166 ho-

220 2214 332 2281 mines
348 2213 487 2304 Jamdiu
509 2213 546 2280 in
569 2214 793 2303 proverbium
816 2215 953 2296 abierit,
973 2213 1081 2284 Nasci
1104 2213 1265 2298 Poetom,

220 2350 291 2397 non
308 2329 404 2396 fieri:

574 2463 633 2477 ....
654 2424 750 2492 σόφος,
763 2426 777 2477 ὁ
789 2424 877 2477 πολλὰ
889 2422 961 2479 eidus
973 2422 1038 2493 φῦᾳ,

499 2513 622 2580 μάθοντες
634 2512 671 2574 δε,
682 2513 779 2580 λάβροι

500 2595 686 2666 παγγλωσσίᾳ,
699 2595 804 2665 κόρακές
815 2596 857 2658 ὡς,

500 2680 612 2750 ἄκραντα
623 2680 758 2751 γαρύετον,
811 2688 813 2690 ’

503 2767 563 2822 Δίας
574 2767 639 2834 πρὸς
651 2765 742 2835 ὅρνιχα
754 2766 831 2820 θεῖον.

220 2884 412 2952 Innumero
428 2890 510 2950 sunt
527 2881 615 2959 haec,
634 2889 671 2948 et
695 2881 731 2948 in
750 2903 809 2948 ore
831 2879 1009 2947 omnium:
1036 2901 1114 2968 quae
1130 2878 1267 2948 ratione

220 3000 362 3068 omnino
380 3006 532 3077 careant,
550 2996 579 3065 si
596 3003 659 3065 aut
675 2996 857 3072 imitanda
877 3006 938 3062 aut
956 2991 1065 3061 verba
1081 3013 1268 3062 numeroso

220 3112 473 3203 componendo,
488 3112 572 3178 satis
589 3111 695 3202 digne
712 3109 845 3200 poterit
862 3107 987 3195 aliquis
1000 3104 1120 3175 Poetae
1139 3127 1268 3174 munus

220 3238 258 3297 et
285 3227 439 3296 officium
470 3226 627 3316 exsequi.
695 3224 790 3306 Quid
819 3226 913 3291 enim
940 3221 1138 3311 proclivius,
1161 3242 1268 3310 quam

219 3347 399 3414 hominem
427 3344 533 3411 modo
560 3365 631 3410 non
658 3363 797 3431 prorsus
820 3341 982 3420 inertem,
1005 3338 1121 3406 studio
1147 3335 1267 3426 paullo

220 3460 351 3529 acriore
368 3459 536 3536 adhibito,
551 3457 765 3525 imitatorem
780 3455 855 3523 fieri
868 3454 973 3546 plane
990 3449 1267 3542 lepidissimum?

219 3573 299 3644 Aut
321 3596 473 3663 quonam
501 3573 537 3639 in
565 3593 694 3663 genere
721 3570 833 3661 magis
860 3566 1027 3659 proderit,
1055 3565 1168 3633 invita
1196 3563 1269 3632 Mi·

219 3711 335 3768 nerva,
362 3687 454 3756 limae
484 3686 591 3766 labor,
618 3707 724 3774 quam
751 3685 787 3751 in
818 3683 975 3751 versibus
1004 3680 1157 3748 feliciter
1186 3701 1270 3747 con-

220 3801 425 3872 cludendis?
479 3798 532 3868 Ut
565 3798 602 3865 in
635 3820 678 3866 eo
713 3797 892 3865 verissime
922 3796 1060 3864 dicatur
1092 3791 1189 3884 quod
1224 3791 1268 3860 do

219 3915 478 3986 mathematicis
505 3912 595 3981 dixit
619 3912 763 3981 Cicero:
791 3909 1017 3978 “Neminem
1043 3908 1116 3976 fere
1143 3905 1177 3973 ei
1205 3905 1269 3974 sci·

220 4033 323 4101 entiae
341 4029 585 4098 vehementius
607 4027 716 4095 videri
738 4024 925 4103 studuisse,
939 4022 1039 4112 quin,
1057 4019 1149 4111 quod
1171 4017 1269 4087 volu-

220 4148 298 4227 erit,
316 4152 525 4214 consecutus
543 4138 641 4210 sitbff'
694 4139 864 4229 Utrisque
887 4128 997 4228 igitur
1015 4158 1078 4205 sua
1095 4133 1272 4203 tribuatur

621 4293 634 4330 b
654 4288 785 4345 De'Orat.
800 4289 822 4343 1.
838 4306 863 4358 3.
