2738 4866
154 344 248 387 runc.
260 346 329 387 vm.
368 321 475 409 quidus
491 324 580 408 quusi
591 321 741 408 proditus
755 325 790 386 ic
805 325 899 388 lucem
907 326 1048 410 prodeat.
1144 331 1208 397 107

158 490 368 571 intenderet,
390 492 505 582 ipsum
528 493 704 562 commin
727 514 869 564 scenam
892 503 1000 586 atque
1025 497 1063 565 in
1087 495 1208 566 oeulos

158 607 268 676 rarius
286 614 462 676 evocaret.

205 721 303 802 Jam,
329 744 400 811 quo
429 721 546 789 minus
576 720 728 791 feliciter
757 745 803 792 ex
834 744 877 792 ea
906 733 1006 814 parte
1033 723 1209 815 Spensero

158 860 211 907 res
229 837 385 919 cesserit,
403 836 467 906 tali
486 837 570 918 viru,
590 845 664 907 tam
681 839 752 908 acri
770 840 922 932 ingenio,
940 849 1014 908 tam
1032 842 1209 931 exquisito

158 973 231 1040 prae
258 951 394 1020 coeteris
415 951 562 1041 judicio,
591 972 633 1019 eo
660 953 773 1043 magis
799 952 996 1022 laudandus
1017 951 1209 1036 Homerus,

157 1066 217 1156 qui
249 1065 287 1133 in
313 1062 457 1134 Achille
486 1087 550 1133 suo
584 1065 679 1134 idem
710 1066 814 1157 plane
844 1091 915 1136 non
949 1067 1063 1136 voluit
1091 1070 1208 1150 mode,

155 1204 283 1251 verum
301 1181 410 1250 etiam
427 1183 666 1272 copiosissime
683 1186 803 1273 potuit
817 1184 974 1274 exsequi.
1013 1182 1208 1254 Neminem

154 1298 255 1366 enim
281 1297 383 1389 fugit,
405 1297 541 1388 opinor,
563 1298 760 1367 desiderare
785 1299 917 1389 aliquid
944 1298 1064 1368 oculos
1091 1299 1211 1392 legen-

153 1413 263 1494 tium,
290 1411 347 1482 vel
373 1413 530 1483 munima
556 1422 657 1504 parte
686 1413 816 1496 Iliadis,
845 1414 980 1485 latente
1005 1437 1046 1484 ac
1072 1423 1209 1484 remoto

154 1527 318 1597 Achille.

211 1643 392 1735 Quicquid
409 1667 558 1736 usquam
577 1653 688 1737 agunt
706 1642 848 1728 Achivi,
865 1667 928 1714 seu
946 1647 1210 1726 concionentur,

157 1760 235 1829 sive
261 1759 375 1829 aciem
398 1759 584 1840 instruant,
602 1782 664 1828 seu
688 1761 733 1828 de
756 1759 923 1840 curribus,
946 1781 1008 1827 seu
1030 1760 1074 1827 de
1100 1760 1210 1849 oquin,

158 1877 293 1946 sende
318 1877 424 1945 armis
445 1876 509 1945 fiat
536 1877 697 1967 quaestio,
727 1876 879 1945 occurrit
908 1875 1040 1966 ubique
1058 1873 1211 1945 Achillis

159 1992 344 2060 memoria.

339 2135 428 2190 Multa
438 2135 489 2190 viri
499 2135 585 2189 virtus
597 2135 692 2188 animis
704 2137 859 2206 multusque
871 2145 988 2190 recursat

340 2219 434 2274 Gentis
445 2220 541 2274 honos.

163 2408 217 2479 Ea
251 2432 336 2479 vero
372 2411 490 2478 omnia
524 2409 633 2499 (quod
672 2409 867 2477 maximum
911 2410 979 2499 est)
1015 2418 1140 2500 sponte
1174 2433 1212 2479 se

163 2507 333 2605 offerunt,
354 2531 391 2592 et
416 2547 489 2593 non
513 2532 639 2592 vocata
664 2524 888 2614 respondent.
942 2522 1108 2616 Exempli
1134 2523 1212 2593 loco

163 2641 233 2710 sint
251 2662 304 2720 ea,
323 2662 400 2730 quae
423 2641 460 2708 iu
484 2640 686 2709 recensione
704 2640 848 2708 navium
865 2649 1054 2730 ponuntur,
1072 2639 1213 2731 elegun-

164 2757 301 2826 tissima
317 2779 420 2826 saue:

305 2900 404 2972 ἀνδρῶν
415 2898 447 2954 at
459 2899 515 2971 μέγ’
528 2900 635 2971 όριστος
647 2902 691 2968 ἔην
702 2901 863 2969 Τελαμώνιος
875 2897 946 2961 Αἶας,

306 2987 368 3058 ὄφρ’
380 2987 500 3058 Ἀχιλεὺς
511 2985 606 3056 μήνιεν
625 2990 640 3040 ό
652 2989 702 3058 γὰρ
714 2987 784 3040 πολὺ
795 2987 925 3057 φέρτατος
936 2983 988 3054 ἧεν,

306 3073 379 3129 ἵπποι
392 3074 425 3138 θ,
437 3077 463 3129 οἱ
474 3074 621 3145 φορέεσκον
633 3072 749 3143 ἀμύμονα
761 3073 904 3141 Πηλείωνα.

307 3159 367 3215 ἀλλ’
380 3163 394 3214 ό
406 3161 454 3230 μὲν
465 3161 492 3215 έν
505 3159 597 3230 νήεσσι
610 3160 731 3230 κορωνίσι
743 3162 930 3230 ποντοπόροισι

307 3245 376 3309 κεῖτ’,
389 3245 550 3316 ἀπομηνίσας
559 3245 739 3316 Ἀγαμέμνονι,
751 3244 852 3314 ποιμένι
863 3247 942 3308 λαῶν,

306 3331 432 3403 Ἀτρείδῃ·
452 3332 512 3385 λαοὶ
525 3332 553 3385 δὲ
565 3333 635 3400 παρὰ
646 3330 748 3402 ῥηγμῖνι
761 3331 898 3398 θαλάσσης

308 3417 439 3472 δίσκοισιν
450 3417 574 3486 τέρποντο
587 3417 627 3470 καί
640 3415 788 3487 αἰγανέῃσιν
800 3414 887 3478 ἱέντες,

308 3503 426 3574 τόξοισίν
437 3503 469 3558 θ’
488 3501 562 3558 ἵπποι
575 3503 603 3557 δέ
614 3501 673 3573 παρ’
687 3499 800 3572 ἅρμασιν
811 3498 881 3556 οἶσιν
891 3499 1009 3564 ἕκαστος,

308 3592 393 3644 λωτὸν
405 3591 577 3660 ἐρεπτόμενοι,
590 3589 763 3659 ἐλεόθρεπτόν
774 3610 803 3641 τε
818 3587 934 3650 σέλινον,

309 3674 432 3729 ἕστασαν·
451 3673 551 3744 ἅρματα
563 3673 586 3727 δ’
599 3674 628 3726 εὖ
639 3672 822 3741 πεπυκασμένα
834 3675 901 3726 κεῖτο
913 3673 1026 3728 ἀνάκτων

309 3761 337 3814 έν
348 3761 459 3829 κλισίῃς·
478 3763 502 3814 ol
514 3760 536 3814 θ
551 3760 632 3830 ι’ίρχον
642 3757 796 3829 Ἀρηΐφιλον
807 3759 943 3815 ποθέοντες

307 3844 407 3914 φοίτων
419 3846 479 3899 ἔνθα
491 3846 532 3898 καὶ
544 3844 604 3899 ἔνθα
616 3846 679 3899 κατὰ
691 3847 814 3915 στρατόν,
827 3844 880 3899 οὐδ’
894 3845 1020 3915 ἐμάχοντο
1027 3851 1050 3894 ⁸.

166 4032 321 4103 Illustris
339 4043 478 4103 vernet
498 4035 643 4104 evidens
660 4034 824 4114 narratio,
842 4055 990 4125 quaeque
1013 4054 1089 4103 rem
1111 4030 1217 4123 plane
1241 4104 1245 4110 ,

167 4148 280 4218 oculis
297 4150 470 4241 subjiciat.
525 4150 615 4242 Ipsis
636 4152 673 4219 in
693 4149 856 4220 litoribus
874 4149 1016 4242 spatiari
1035 4149 1216 4218 videmus:

166 4255 339 4335 militares
372 4265 438 4356 ipsi
472 4265 569 4336 lusus
609 4266 796 4347 cernimus
828 4265 1142 4358 Myrmidonasque
1179 4263 1216 4331 in

605 4392 710 4447 ann
725 4392 784 4461 τοι,
