2738 4866
157 330 249 370 rnna.
268 329 313 372 rx.
349 375 353 380 ,
368 329 405 373 αα
412 309 604 393 proerortim,
621 329 688 392 qua
702 309 777 373 Diis
790 309 882 374 soleat
896 309 1000 374 ιτίόυί.
1144 313 1204 375 141

335 475 438 543 χρυσόν
448 472 471 527 δ’
483 473 561 528 amos
570 473 641 528 ἔδυνε
653 475 714 542 περὶ
724 472 794 543 χροῒ,
807 473 889 544 γέντό
903 474 925 527 8
938 475 1068 544 ίμάσθλην

334 558 470 628 χρυσείην,
482 561 611 621 εὔτυκτον,
624 559 668 610 έοῦ
680 556 702 611 8
715 557 863 626 ἐπεβήσατο
876 559 981 630 δίφρου.

334 643 460 712 μάστιξεν
471 641 493 695 8
507 643 595 697 ε’λάαν·
614 644 650 696 τὸ
663 641 685 696 8
698 644 744 696 οὐκ
756 643 846 696 ἄκοντε
856 643 986 712 πετέσθην

334 729 471 798 μεσσηγὺς
481 728 556 799 γαίης
567 749 596 782 τε
607 729 649 783 καὶ
661 729 771 797 οὐρανοῦ
782 729 957 800 ἀστερόεντος.

328 811 402 881 Ἰδην
413 812 436 867 8
449 812 534 868 ἵκανεν
544 814 718 877 πολυπίδακα,
730 813 826 884 μητέρα
838 815 931 885 θηρῶν,

335 899 477 969 Γάργαρον,
484 898 546 952 ἔνθα
557 897 585 951 δέ
598 899 622 953 ol
634 896 744 966 τέμενος,
756 900 844 966 βωμός
856 921 884 952 τε
902 899 995 968 θνίηεις·

334 981 385 1037 ἔνθ
398 980 492 1038 ίππους
503 983 601 1051 ἔστησε
612 982 697 1052 πατὴρ
709 982 808 1052 ἀνδρῶν
820 1006 848 1037 τε
861 984 926 1037 θεῶν
937 1006 975 1046 τε,

335 1069 420 1126 λύσας
431 1069 461 1138 ἐξ
473 1068 565 1139 ἀχέων,
578 1070 642 1123 κατὰ
654 1069 676 1122 8
688 1067 751 1138 ἠέρα
761 1071 861 1124 πουλὺν
872 1070 969 1140 ἔχευεν.

334 1157 412 1212 αι’κτδς
423 1155 446 1209 8
459 1155 486 1210 ἒν
498 1157 632 1226 κορυφῇσι
644 1154 773 1221 καθέζετο,
787 1153 858 1209 κύδεϊ
868 1156 956 1226 γαίων,

334 1242 459 1312 εἰσορόων
469 1243 563 1312 Τρόον
574 1262 603 1295 τε
614 1243 692 1295 πόλιν
705 1241 744 1295 καί
754 1243 814 1310 νῆας
824 1240 959 1312 Ἀχαιῶνῆ

208 1398 263 1469 At
287 1400 383 1469 enim
401 1399 497 1468 dieat
517 1396 654 1487 aliquis,
672 1397 717 1466 ad
734 1404 879 1487 captum
897 1395 992 1466 illius
1015 1399 1129 1466 aetatis
1146 1421 1203 1468 ao-

158 1514 376 1585 eommodari
393 1510 539 1594 omnia3
564 1511 722 1583 niladeo
738 1511 883 1602 planum
902 1512 1018 1582 faeere
1036 1513 1080 1582 de
1098 1514 1207 1604 ipsius

147 1629 310 1699 Homeri
341 1628 477 1697 studiis.
530 1624 701 1708 Primum,
727 1626 816 1696 illud
842 1626 930 1696 velis
960 1628 1140 1718 equisque,
1166 1641 1208 1698 ut

157 1746 269 1824 aiunt,
284 1741 516 1812 obtinendum
535 1749 642 1831 puto:
660 1742 892 1810 mediocrium
910 1762 986 1811 esse
1004 1740 1207 1824 Poetarum,

157 1866 200 1926 ut
234 1853 362 1925 saeculo
392 1852 652 1946 obtemperent,
684 1854 846 1937 Homeri,
872 1864 910 1924 et
938 1855 1028 1946 siqui
1057 1856 1207 1926 Homeri

158 1970 292 2040 similes
308 1969 516 2051 extiterunt,
528 1977 571 2038 ut
587 1991 688 2041 suam
705 1971 823 2062 potius
840 1971 990 2040 formam
1008 1971 1208 2061 faciemque

158 2083 352 2176 aequalibus
377 2084 448 2153 suis
473 2084 677 2174 imprimere
702 2082 854 2153 valeant.
907 2082 1057 2166 Deinde,
1079 2086 1208 2175 quibus

158 2200 315 2268 maxime
349 2198 487 2267 indiciis
521 2198 605 2290 quid
640 2198 707 2269 sibi
741 2197 853 2266 velint
891 2198 1055 2289 aperiunt
1088 2203 1207 2292 magni

158 2316 355 2406 scriptores,
371 2336 414 2382 ea
429 2313 659 2382 inveniuntur
674 2312 733 2381 hie
750 2312 819 2381 looi
838 2313 966 2382 omnia.
1019 2312 1207 2405 Nusquam

157 2428 275 2498 fluunt
317 2427 473 2497 earmina
512 2427 661 2509 facilius
704 2449 877 2518 nusquam
916 2436 979 2496 aut
1018 2431 1209 2498 torrentior

157 2544 347 2613 verborum
376 2543 489 2633 eopia,
515 2550 578 2612 aut
607 2541 774 2632 liquidius
804 2541 982 2632 explicata
1011 2544 1207 2635 imaginum

157 2657 319 2737 varietas,
338 2676 444 2746 quam
461 2655 525 2724 ubi
543 2653 640 2724 Deos
657 2655 702 2723 ad
719 2655 839 2745 praelia
854 2656 1020 2749 accingit.

335 2813 415 2882 αιίτάρ
425 2811 556 2882 Ἀθηναίη,
570 2810 646 2883 κούρη
660 2811 721 2868 Διὸς
732 2813 870 2884 αἰγιόχοιο,

334 2898 435 2953 πέπλον
446 2899 494 2966 μέν
506 2896 642 2967 κατέχευεν
654 2899 728 2952 εἀνάν
738 2900 837 2968 πατρὸς
849 2896 888 2951 ἐπ’
901 2899 980 2962 οὔδει,

333 2983 463 3042 ποίκιλον,
472 2982 503 3036 ὅν
513 2981 538 3052 ῥ’
550 2982 613 3050 αὕτη
622 2981 750 3050 ποιίησατο
764 2984 805 3036 καὶ
817 2984 880 3052 κάμε
891 2985 993 3055 χερσίν*

334 3068 350 3138 'l
363 3069 392 3124 δέ
403 3067 489 3143 χιτῶν’
502 3067 599 3123 ε’νδῦσα
611 3069 673 3123 Διὸς
685 3066 898 3139 νεφεληγερέταο,

334 3153 455 3226 τεύχεσιν
466 3154 493 3210 ές
502 3156 619 3224 πόλεμον
631 3152 784 3223 θωρίησσετο
797 3153 959 3222 δακρυόεντα.

333 3240 403 3311 ἀμφί
414 3238 436 3293 8
448 3238 488 3310 ἀρ’
501 3239 610 3309 ὤμοισιν
620 3238 709 3303 βάλετ’
722 3239 810 3310 αίγίδα
823 3238 1035 3292 θυσσανόεσσαν.

458 3341 474 3375 κ
652 3340 668 3374 κ
846 3339 862 3373 κ

333 3411 407 3482 κρατὶ
419 3409 441 3464 8
453 3409 493 3464 ἐπ’
505 3410 661 3481 ἀμφίφαλον
672 3408 760 3478 κυνέην
773 3408 832 3463 θέτο
843 3409 1048 3480 τετραφάληρον,

332 3496 467 3568 χρυσείην,
479 3497 571 3551 ἑκατόν
580 3496 680 3549 πολίων
690 3493 834 3565 πρυλέεσσ’
846 3495 978 3565 ἀραρυῖαν.

332 3583 359 3640 ἐς
371 3581 393 3636 8
406 3581 470 3653 όχεα
481 3584 587 3653 φλόγεα
597 3582 663 3636 ποσὶ
674 3580 783 3649 βίησετο·
801 3582 894 3647 λάζετο
907 3579 929 3634 8
941 3581 1020 3650 έγχυς

333 3668 420 3739 βριθὺ,
431 3665 507 3739 μέγα,
520 3669 657 3736 στιβαρόν,
669 3670 705 3740 τῷ
719 3666 831 3736 δάμνησι
843 3665 937 3734 στίχας
949 3665 1049 3734 ἀνδρῶν

332 3753 429 3825 ἡρώων,
441 3754 528 3809 τοῖσίν
538 3775 567 3807 τε
579 3751 732 3807 κοτέσσεται
743 3752 924 3821 ὀβριμοπάτρη
930 3749 948 3804 ¹.

158 3896 213 3966 Ut
238 3895 482 3974 concedamus,
499 3891 683 3984 popularia
707 3911 794 3972 esse,
812 3911 890 3978 quae
912 3894 1109 3966 narrantur,
1128 3910 1208 3956 nar-

158 4009 268 4079 rantis
302 4016 423 4102 tamen
456 4007 575 4081 vivida
607 3997 660 4075 vis
700 4011 738 4074 et
776 4001 928 4094 simplex
964 4024 1040 4092 quae
1078 4001 1208 4071 dieitur

318 4276 330 4305 ²
350 4267 382 4333 11·
394 4267 449 4321 viii.
462 4282 507 4333 41·
931 4258 941 4296 ί
957 4276 983 4312 v.
998 4271 1058 4328 733·
