2738 4866
214 305 258 366 84
391 303 614 387 Oonqrorootar
627 304 708 365 'water
721 323 761 377 sc,
776 301 856 384 quod
868 299 913 362 ad
925 301 1037 362 Pocsc'n
1107 321 1202 361 roan.
1215 321 1259 360 nr.

215 473 423 565 plerumque
443 472 536 541 intra
552 471 703 562 parietes
721 470 817 556 (nam
836 491 913 558 quae
937 476 1019 536 sunt
1042 477 1155 548 extra,
1172 467 1261 534 nihil

214 588 272 657 hic
290 588 481 671 moramur)
499 585 687 654 solitudine
705 584 780 675 ipsa
793 591 831 650 et
848 583 1073 661 obscuritate,
1088 582 1262 649 columnis

214 701 352 768 infinita
377 701 465 767 serie
489 701 710 779 abeuntibus
733 698 812 766 luce
838 697 1004 788 languida
1029 698 1151 786 procul
1176 699 1260 778 visa,

215 824 291 884 erat
317 837 400 884 sane
421 815 516 903 quod
541 813 611 881 Dei
635 824 773 882 metum
799 814 984 890 incuteret,
1003 812 1062 878 sed
1088 813 1163 900 ejus
1181 811 1261 893 Dei,

215 929 276 1018 qui
303 928 420 1018 spissis
446 930 483 995 in
510 928 664 996 tenebris
693 929 753 994 vix
778 937 815 995 et
840 947 885 992 ne
913 925 972 992 vix
999 925 1141 1014 quidem
1170 947 1260 992 mor-

215 1040 345 1109 talibus
362 1063 399 1109 se
417 1041 590 1130 praeberet
607 1039 891 1132 agnoscendum;
918 1039 1017 1128 cujus
1034 1039 1263 1129 religionibus

215 1155 274 1243 qui
293 1155 425 1223 dabant
444 1176 597 1243 operam,

393 1279 473 1332 Ibant
485 1279 592 1332 obscuri
605 1281 661 1332 sola
674 1279 725 1332 sub
737 1287 815 1332 nocte
826 1297 875 1348 per
885 1279 1019 1340 umbram,

393 1365 495 1436 Perque
508 1365 602 1420 domos
615 1365 686 1418 Diti·
698 1382 805 1427 vacuas,
818 1373 844 1418 et
855 1365 945 1416 inania
955 1381 1046 1432 regna.

267 1469 319 1538 At
341 1494 434 1553 vero,
456 1495 533 1562 quae
556 1472 638 1540 fana
663 1472 812 1562 majores
837 1470 946 1540 nostri
974 1492 1044 1536 non
1068 1470 1160 1538 fictis
1187 1471 1264 1560 qui-

216 1585 364 1655 busdam
383 1586 622 1667 Daemonibus,
647 1585 708 1654 sed
731 1585 811 1652 vivo
835 1607 976 1654 acuero
1001 1583 1162 1664 Numini,
1181 1607 1263 1652 con·

216 1700 392 1779 diderunt,
424 1724 546 1770 eorum
575 1702 601 1769 si
635 1701 705 1767 vim
735 1700 881 1768 tacitam
912 1700 1077 1788 requiras
1104 1699 1262 1767 invenies

216 1837 294 1882 eam
316 1814 389 1882 fere
407 1816 582 1896 omnibus,
600 1838 679 1904 quae
698 1822 846 1881 venturo
871 1812 923 1880 illi
945 1812 1081 1891 saeculo,
1100 1835 1182 1901 quae
1200 1811 1263 1878 ho·

216 1935 369 2004 minibus
387 1937 424 2004 in
441 1936 521 2004 luce
538 1937 671 2027 positis,
686 1959 766 2026 quae
784 1944 892 2004 certae
911 1935 1098 2024 stabilique
1112 1933 1262 2003 Pietatis

217 2071 348 2117 normae
361 2051 560 2119 conveniat.
596 2048 852 2119 vetustissima
865 2056 1052 2139 supersunt
1062 2047 1262 2138 praegrandi

217 2163 459 2234 columnarum
481 2163 596 2246 mole3
623 2163 774 2253 simplici
795 2163 907 2255 figura
925 2162 1124 2252 januarum,
1142 2161 1265 2253 laque·

217 2279 340 2359 arium,
368 2278 621 2360 fenestrarum3
657 2277 811 2366 sculptili
842 2300 946 2367 opere
972 2300 1052 2357 non=
1070 2277 1263 2345 admodum

218 2392 324 2472 vario,
342 2415 457 2482 neque
478 2393 514 2460 in
536 2391 666 2460 multas
684 2391 810 2460 diffuso
827 2400 966 2482 partes3
993 2392 1088 2481 quod
1105 2391 1195 2459 adeo
1218 2391 1262 2459 ad

218 2506 366 2574 formam
389 2509 499 2575 totius
525 2506 661 2575 aedificii
680 2508 739 2573 vix
763 2507 875 2597 magis
896 2508 1073 2595 pertinere
1091 2506 1263 2584 videatur,

220 2620 383 2710 quemad
402 2621 532 2688 montis
549 2620 696 2710 alicujus
713 2620 933 2710 superficiem
947 2619 1049 2688 {iores
1062 2619 1264 2709 herbaeque,

221 2739 328 2824 siquae
345 2737 436 2804 forte
454 2738 502 2805 ibi
521 2745 723 2804 nascuntur.
776 2735 903 2824 Itaque
922 2734 1068 2804 solidam
1087 2735 1264 2824 quandam

218 2872 289 2940 prae
312 2871 349 2917 se
373 2850 491 2918 ferunt
509 2851 700 2918 durissimae
717 2850 903 2928 firmitatis,
922 2871 967 2916 ne
985 2849 1096 2916 dicam
1122 2849 1267 2915 immor-

219 2963 377 3044 talitatis,
405 2966 579 3053 speciem;
606 2962 745 3052 Deique
772 2963 966 3030 cultoribus
991 2963 1066 3052 ipso
1093 2962 1169 3029 visu
1196 2983 1266 3030 ser-

221 3077 370 3145 vandam
402 3077 652 3144 commendant
683 3075 789 3144 animi
822 3075 1066 3155 constantiam,
1093 3084 1131 3143 et
1157 3075 1264 3165 perti-

220 3213 345 3259 nacem
363 3191 438 3258 sine
456 3191 549 3258 fastu
567 3191 845 3292 fortitudinem.»

272 3304 361 3373 Haec
387 3313 570 3394 pervetera
596 3313 632 3371 et
659 3304 805 3373 fortasse
831 3305 971 3372 rudiora
996 3302 1180 3394 paullatim
1206 3325 1269 3371 ex·

223 3421 318 3510 cepit
337 3419 528 3488 aedificandi
548 3420 648 3498 ratio,
667 3421 835 3498 omnium,
850 3427 891 3485 ut
909 3418 995 3486 mihi
1015 3419 1157 3506 quidem
1172 3419 1270 3486 vide-

222 3543 292 3614 tur,
310 3533 580 3625 elegantissima,
602 3542 640 3600 et
661 3534 765 3600 sacris
789 3532 893 3624 longe
913 3532 1116 3623 dignissima
1138 3542 1269 3622 myste-

222 3644 292 3712 riis.
345 3643 438 3713 Acui
450 3647 526 3735 jaim
544 3645 717 3713 fornicum
743 3644 908 3724 culmina,
926 3654 1033 3732 atque
1056 3644 1093 3710 iu
1117 3644 1269 3714 sublime

224 3757 360 3828 efferri:
398 3759 570 3828 columnae
600 3782 671 3826 non
702 3760 877 3848 simplices
908 3757 989 3837 illae,
1019 3759 1079 3826 sed
1111 3759 1269 3850 virgatas,

224 3874 371 3941 fascium
400 3873 480 3953 ritu,
505 3883 673 3962 tanquam
698 3897 743 3941 ex
772 3873 929 3963 pluribus
956 3894 1106 3961 quaeque
1130 3883 1270 3942 constet

225 3986 433 4068 columellis,
459 3990 551 4055 inter
575 4011 612 4056 se
637 3988 774 4077 stipatis
798 3988 1015 4076 vinctisque3
1042 3995 1119 4053 tum
1143 3989 1269 4077 capita,

225 4100 314 4168 mira
330 4108 405 4168 arte
424 4101 561 4185 coelata‚
580 4102 709 4170 sensim
734 4125 815 4169 oum
840 4101 1061 4190 laquearibus
1082 4101 1270 4192 conjungi:

226 4212 387 4282 fenestrae
419 4214 587 4304 plurimae,
622 4213 846 4304 amplissimis
880 4213 1082 4294 luminibus,
1117 4213 1270 4305 sculptili
