2738 4866
161 350 253 394 rursu.
266 351 334 393 xrx.
422 329 473 394 Do
487 329 646 413 Auspiciis
660 330 747 414 apltd
760 329 949 414 AEsadylum.
1141 333 1208 400 339

160 508 198 569 et
222 497 450 590 tranquillare
479 500 637 569 animum
667 522 731 591 pro
758 509 918 592 tempore
942 501 1139 584 videantur,
1168 510 1206 570 et

159 614 308 685 obscure
324 615 433 685 dubia
449 615 648 707 significent
664 614 829 707 pericula.

208 726 330 799 Venio
356 751 452 799 nuno
480 730 526 798 ad
551 727 660 799 Chorl
685 725 843 825 πάροδον,
870 730 971 820 cujus
997 730 1027 800 is
1052 721 1208 799 maxime

158 851 214 912 est
247 850 361 926 tenor,
403 850 446 912 ut
475 865 547 912 non
580 843 687 913 modo
720 842 814 913 mala
851 844 1036 914 imminere
1069 843 1209 927 doceat,

159 958 409 1027 verumetiam
429 980 472 1027 eu
491 956 595 1038 mala,
613 981 693 1049 quae
714 981 829 1050 poenae
847 959 1020 1027 rationem
1040 956 1206 1027 habeant.

160 1070 320 1154 Poenum,
344 1073 499 1164 inquam,
526 1075 636 1142 tacite
663 1073 819 1143 minatur
842 1073 995 1142 narratio
1018 1073 1094 1154 istu,
1121 1095 1210 1140 non-

159 1188 294 1257 nemini
311 1188 403 1258 forte
416 1188 645 1282 longiuscula,
659 1189 704 1258 de
720 1187 884 1278 auspiciis
900 1186 1035 1256 Aulide
1052 1187 1209 1269 servatis,

159 1301 234 1393 pari
247 1302 413 1372 videlicet
429 1302 626 1392 aquilarum
643 1302 867 1372 saevientium
885 1301 921 1369 in
935 1310 1043 1392 caput
1060 1299 1209 1371 misellae

159 1416 299 1509 leporis,-
316 1440 422 1508 quarn
441 1439 522 1487 cum
540 1417 616 1508 ipso
634 1416 724 1487 foetu
741 1415 994 1487 devorabant&

300 1546 396 1620 πόμπει
407 1551 455 1618 ftis
466 1551 523 1621 δορὶ
535 1551 576 1605 καὶ
587 1551 647 1620 χερὶ
658 1549 784 1622 πράκτορι

301 1634 405 1707 θούριοι
416 1635 485 1707 όρνιτ
496 1635 611 1707 Τευκρίδ’
624 1635 663 1690 ἐπ’
675 1634 733 1691 αἶαν

301 1722 397 1777 οἰωνῶν
407 1722 535 1786 βασιλεὺς
545 1725 688 1807 βασιλεῦσι
700 1735 744 1776 νέ-
762 1800 766 1805 .

301 1808 362 1872 -ὃν,
375 1806 390 1862 ό
402 1808 525 1873 κελαινός,
538 1811 553 1862 ό
565 1806 587 1863 τ’
600 1809 688 1876 ἔξοπιν
699 1805 789 1879 άργᾶέ,

302 1893 426 1963 φανέντες·
437 1893 510 1964 ἵκταρ
521 1894 664 1964 μελάθρων,
676 1895 755 1964 χερός
766 1892 794 1947 εἰι
806 1894 979 1963 δορνπάλτοϋ,

301 1980 480 2052 παμπρέπτοις
492 1981 520 2034 ἐν
531 1980 656 2050 ἕδραισιν,

301 2066 459 2136 βασκομόναι
470 2064 588 2136 λαγίναν,
601 2056 738 2136 ε’ρικόματα
750 2065 880 2137 φέρματα,
893 2065 994 2136 γένναν,

301 2153 435 2217 βλαβέντα
445 2147 572 2208 λοισθίων
582 2153 692 2222 δρόμων.

163 2267 220 2345 Ex
256 2290 327 2366 quo
360 2265 581 2367 intelligitur,
608 2275 721 2366 Trojae
751 2271 894 2364 quidem
929 2262 1114 2343 imminere
1148 2293 1210 2343 exa

162 2389 305 2471 cidium,
330 2390 391 2459 sed
413 2405 541 2482 magno
568 2403 649 2458 cum
671 2388 828 2480 periculo
851 2389 1024 2457 victorum
1051 2387 1097 2457 ab
1121 2389 1212 2459 irata

164 2503 303 2586 Diunu3
330 2504 429 2595 cujus
446 2513 565 2573 tamen
583 2505 646 2572 irae
659 2503 758 2573 nulla
775 2517 915 2595 prorsus
932 2493 1092 2572 redditur
1108 2495 1209 2572 ratio.

165 2616 304 2689 Verum
323 2609 372 2700 id,
390 2612 505 2698 credo,
524 2612 592 2688 sibi
610 2618 687 2688 'vult
705 2639 821 2699 omen,
840 2622 880 2686 ut
901 2619 1013 2688 sciant
1031 2616 1210 2698 mortales,

163 2732 263 2802 nullo
288 2731 396 2802 inodo
418 2729 560 2825 placere
580 2752 682 2825 posse
705 2725 859 2824 benigno
888 2727 1050 2813 Numini,
1077 2723 1210 2801 nedum

164 2847 292 2918 Dianae
312 2848 489 2941 sylvanum
517 2849 667 2940 praesidi,
694 2871 836 2917 causam
860 2870 949 2930 eum,
972 2861 1054 2938 quae
1080 2845 1210 2916 habeut

163 2963 306 3033 initium
323 2963 478 3034 immane
495 2965 584 3034 odeo
602 2971 640 3032 et
656 2971 760 3032 atrox
777 2963 814 3031 in
830 2984 944 3055 genus
961 2954 1159 3032 ferarumh:

304 3102 386 3155 τόσον
395 3121 445 3170 περ
457 3099 588 3170 εὕφρωνά
600 3101 667 3153 κάλα

304 3187 442 3256 δρόσοισιν
452 3185 573 3240 άέπτοισι
584 3189 705 3255 μαλερῶν
714 3186 838 3247 λεόντων,

304 3272 407 3326 πάντων
418 3270 440 3325 τ’
452 3271 602 3342 ἀγρονόμον
614 3271 790 3342 φιλομάστοις

305 3353 390 3423 θηρῶν
401 3353 590 3424 δβρικάλοισιν.

215 3475 334 3558 Quare
360 3476 477 3568 tangit
506 3475 681 3560 hocloco
709 3470 824 3546 Poeta
850 3489 926 3544 rem
955 3475 1049 3546 inter
1082 3498 1211 3566 paucas

165 3582 418 3680 gravissimam,
460 3597 498 3657 et
531 3597 610 3658 tum
645 3594 877 3658 sacrosanctae
911 3585 1090 3679 religionis
1132 3595 1211 3655 tum

166 3703 347 3771 tenerrimi
373 3702 520 3772 affectus
542 3702 801 3794 plenissimum:
829 3701 1028 3770 consentire
1046 3700 1212 3770 videlicet

166 3815 367 3884 mirandum
393 3817 430 3885 in
455 3819 601 3887 modum
623 3840 705 3886 cum
727 3816 805 3886 Diis
829 3815 1101 3904 hominibusque
1121 3815 1212 3885 feras

167 3929 275 3998 etiam
298 3938 335 3999 et
356 3931 525 4012 volucres,
552 3942 590 4001 et
612 3939 739 4001 caetera
763 3931 899 3999 ratione
921 3928 1097 4011 carentia,
1123 3926 1212 3999 adeo

167 4045 295 4112 utrix
325 4044 400 4113 lieri
425 4046 548 4136 possit,
574 4047 660 4136 quin
686 4067 809 4114 eorum
832 4065 930 4124 voce,
956 4051 1070 4135 gestu,
1099 4052 1210 4125 motu,

167 4159 308 4227 sivein
343 4159 457 4228 altum
496 4161 677 4240 tollantur,
713 4181 774 4229 seu
814 4158 1025 4249 dejiciantur
1061 4165 1099 4226 et
1137 4157 1211 4227 lan-

327 4326 342 4365 τ
360 4318 426 4372 ibid.
443 4336 502 4374 110.
687 4400 710 4462 2
878 4317 894 4355 ¹¹
912 4317 979 4372 nid.
995 4334 1053 4386 137.

647 4413 669 4462 Z
