2738 4866
156 341 254 383 runt.
267 341 312 381 rx.
421 315 779 399 Bolumaep‘urlodole
791 316 950 400 οριαίιιιιιι.
1065 318 1068 323 ’
1147 315 1211 383 127

157 492 282 573 Poeta,
308 513 368 560 me
390 491 522 581 judice,
548 490 692 581 propius
718 489 764 558 nd
792 488 1026 559 Homericum
1056 510 1210 571 cursum,

156 614 342 677 actuosum
366 603 527 674 illumne
545 604 718 696 rapidum,
737 603 895 674 accessit.
949 604 1031 673 Ηοο
1054 604 1211 675 maxime

156 722 339 804 intererat,
357 702 595 812 quod'habuit
615 719 794 789 Homerus
811 741 935 788 verum
954 719 1040 788 vitae
1056 742 1212 791 morum·
1305 765 1307 769 -

159 861 230 930 que
248 836 441 928 exemplar,
459 837 554 927 quod
573 836 669 905 omni
693 844 854 926 tempore
877 843 997 925 posset
1016 838 1211 927 respicero<3

161 955 298 1025 Nostro
322 975 462 1045 semper
484 951 672 1022 evolvendi
697 959 798 1021 erant
823 950 913 1033 libri,
936 950 1091 1032 annales,
1114 960 1212 1022 vete-

160 1094 240 1140 rum
270 1069 438 1140 earmina.
491 1066 569 1149 llle,
599 1089 687 1158 quos
717 1067 933 1160 depingeret,
965 1067 1075 1150 vidit3
1104 1070 1211 1139 modo

162 1194 266 1255 erant
282 1186 402 1254 omnia
418 1184 456 1252 in
471 1183 586 1274 majus
606 1204 648 1252 αο
671 1182 850 1274 pulchrius
872 1180 1061 1253 mutanda:
1092 1183 1211 1276 Hujus

158 1301 239 1383 fuit,
262 1299 462 1369 obsoletum
491 1319 604 1390 genus
627 1297 812 1366 hominum
837 1320 859 1366 a
883 1297 1039 1368 tenebris
1064 1306 1102 1368 et
1127 1301 1209 1383 situ,

159 1423 202 1485 ut
219 1416 351 1507 potuit,
368 1413 558 1483 vindicare.

212 1529 284 1600 Sed
301 1530 409 1599 redeo
432 1527 478 1597 ed
496 1550 549 1608 ea,
567 1527 694 1618 quibus
713 1527 899 1600 Homerus.
915 1550 1048 1610 eorum,
1067 1552 1148 1620 quae
1165 1530 1210 1601 ad

159 1646 326 1714 militiam
343 1644 536 1736 pertinent,
553 1665 702 1735 gnarum
720 1665 758 1712 se
773 1653 1024 1734 amantemque
1045 1646 1209 1736 prodidit.

161 1761 324 1846 Quorum
363 1761 519 1852 ipsorum
559 1757 773 1829 luculentior
811 1760 879 1828 erit
917 1761 1017 1842 ratio,
1052 1762 1081 1830 si
1119 1761 1212 1831 mili-

161 1885 299 1947 tantem
317 1875 415 1966 quasi
438 1896 692 1966 prosequemur
714 1875 864 1965 primum
888 1875 925 1945 in
942 1884 1065 1958 eastra,
1083 1877 1211 1948 deinde

159 1993 198 2063 in
236 1993 359 2073 aoiem,
390 1998 569 2082 postremo
603 2012 667 2081 per
699 1991 825 2072 otium,
855 1992 1045 2082 gymnasie,
1076 1991 1209 2084 epulae.

162 2107 400 2201 Apparebunt
434 2106 564 2197 ubique
598 2127 669 2174 non
703 2128 824 2197 pauca,
859 2105 976 2198 qualia
1011 2108 1072 2178 vix
1104 2108 1209 2180 elicui

159 2223 345 2316 potuerint
368 2221 405 2290 in
428 2229 592 2292 mentem·
611 2221 741 2302 venire,
758 2222 826 2291 nisi
843 2244 886 2291 re.
897 2245 945 2293 ,eo
963 2225 1112 2296 veritate
1135 2227 1211 2318 ipse

158 2339 340 2431 magistra.

211 2454 400 2544 Principio,
419 2475 592 2545 ponemus
605 2461 688 2522 ante
701 2451 822 2523 oeulos
839 2452 992 2526 clamosa
1007 2454 1069 2525 illa
1085 2464 1208 2539 cestre,

159 2578 198 2641 et
215 2568 386 2661 inquiete,
404 2569 572 2660 omnique
584 2575 687 2638 motu
703 2569 774 2638 hue
791 2569 876 2640 illue
893 2572 1058 2642 nutantia
1069 2581 1096 2642 ¹.

309 2703 391 2760 Ἠθτε
402 2705 476 2760 ἔθνεα
488 2702 541 2760 εἶσι
552 2705 705 2774 μελισσάων
717 2704 834 2769 ἀδινάων,

307 2793 402 2861 πέτρης
414 2793 442 2846 εἰε
453 2793 592 2864 γλαφυρῆς
604 2792 654 2846 αἰεὶ
666 2791 723 2847 νέον
734 2791 902 2862 ἐρχομενάων·

307 2878 437 2950 βοτρυδὸν
448 2878 477 2931 δὲ
489 2877 608 2932 πέτονται
620 2876 659 2931 ἐπ’
671 2876 777 2933 ἄνθεσιν
788 2878 945 2950 εἰαρινοῖσιν·

308 2968 335 3020 αἶ
346 2965 395 3035 μέν
405 2965 427 3020 τ’
440 2965 501 3020 ἔνθα
512 2963 571 3022 ἅλις
582 2962 748 3032 πεποτήαται,
761 2965 788 3018 αἱ
800 2965 831 3018 δέ
840 2987 868 3019 τε
879 2966 949 3020 ἔνθα·

309 3052 343 3106 ὣς
354 3055 406 3105 τῶν
416 3050 490 3104 ἔθνεα
501 3050 589 3104 πολλὰ
601 3055 664 3104 νεῶν
675 3048 727 3104 ἀπο
738 3050 780 3103 καὶ
792 3049 917 3105 κλισιάων

310 3133 394 3203 ἦϊόνοι
404 3134 564 3206 προπάροιθε
575 3135 682 3202 βαθείης
693 3135 851 3206 ε’στιχόωντο

310 3223 400 3277 ι’λαδάν
412 3223 448 3279 εἷς
459 3221 565 3294 ἀγορήν.
584 3223 648 3292 μετὰ
661 3223 689 3277 δὲ
702 3224 800 3293 σφίσιν
805 3221 899 3278 Ὀσσα
911 3223 1003 3292 δεδήει,

313 3306 447 3379 ἀτρόνουσ’
461 3307 533 3372 ἰέναι,
546 3310 607 3364 Διὸς
619 3308 737 3380 ἅγγελος·
756 3310 781 3362 οἱ
793 3308 815 3362 d
828 3308 960 3381 ἀγέροντο.

308 3395 425 3468 τετρήχει
438 3396 460 3451 d’
473 3394 563 3468 ἀγορή,
576 3397 626 3451 ὑπὸ
639 3397 669 3450 δὲ
680 3395 850 3467 στοναχίζετο
861 3400 931 3468 γαῖα,

307 3486 379 3539 λαῶν
391 3484 503 3549 ἱζόντων,
516 3481 611 3552 ὅμαδον
627 3481 649 3536 d’
661 3481 700 3551 ἦν·
720 3482 791 3538 ε’ννέα
803 3483 834 3537 δέ
844 3487 930 3555 σφεας

311 3568 416 3640 κήρυκες
426 3572 554 3635 βοόωντες
566 3567 681 3640 ἐρήτυον,
694 3568 774 3624 εἴπατ’
786 3570 864 3640 ἀϋτῆς

310 3661 410 3730 σχοῖεν,
422 3656 557 3713 ἀκούσειαν
569 3657 598 3711 δὲ
610 3656 774 3728 Διοτρεφέων
784 3657 928 3725 βασιλήων.
989 3671 991 3674 ’

311 3743 412 3812 σπουδῇ
425 3743 447 3798 d’
461 3743 531 3810 ἕζετο
542 3745 615 3806 λαός,
628 3741 749 3813 ἐρήτυθεν
760 3744 789 3797 δὲ
800 3743 856 3798 καθ
870 3743 953 3815 ἕδραι,

309 3828 469 3900 παυσάμενοι
482 3832 604 3901 κλαγγῆς·
644 3868 877 3884 ......

160 3970 289 4042 Nolite
305 3993 389 4041 vero
406 3979 532 4064 putere
555 3968 608 4060 (id
625 3972 719 4062 quod
740 3992 860 4040 vereor
881 3991 926 4039 ne
949 3968 1107 4038 maxima
1131 3989 1210 4059 pars

160 4086 348 4156 hominum
370 4086 522 4177 judicet,
549 4108 633 4156 eum
658 4109 701 4156 ee
723 4088 838 4178 prime
863 4086 939 4155 vioe
965 4085 1104 4179 legunt)
1135 4106 1210 4153 rem

608 4339 762 4410 ¹11.ii.187.
