2738 4866
156 332 220 398 170
253 332 424 395 Mocillam
438 352 505 395 ann
519 331 705 396 militaribus
718 354 777 396 noo
792 331 859 396 inu
872 333 1030 418 austum.
1055 356 1152 398 rann.
1164 357 1207 398 xr.

157 496 341 567 Oceanum
365 499 489 590 retegi,
513 497 706 591 longinqua
728 507 902 569 terrarum
926 500 1067 592 aperiri,
1089 501 1207 569 venire

157 614 193 681 in
219 613 383 701 notitiam
409 621 609 683 nostrorum
637 614 821 683 hominum
846 613 1017 685 miracula
1047 613 1210 696 Naturae,

156 750 272 797 mores
285 728 522 798 barbarorum.
555 728 612 797 En
624 730 822 799 uberrimus
836 729 1028 799 Poetarum
1042 729 1207 820 campus!

159 842 239 914 Nec
250 844 469 934 defuere,qui
481 867 562 914 eum
574 844 726 914 feliciter
736 844 951 915 excolerent.
971 844 1103 936 Neque
1112 846 1206 914 enim

157 961 342 1051 quisquam
368 959 429 1028 illo
457 967 618 1051 tempore
644 960 859 1044 carminibus
887 960 1084 1052 pangendis
1109 960 1206 1029 dedit

158 1097 312 1165 operam,
329 1075 415 1165 quin
432 1074 568 1144 multus
585 1075 622 1142 in
639 1097 682 1144 eo
700 1073 801 1156 foret,
813 1082 855 1143 ut
871 1074 996 1143 heroas
1010 1072 1206 1166 virginesve

157 1188 341 1258 induceret
368 1190 500 1258 circum
534 1189 645 1259 maria
678 1189 798 1257 omnia
826 1197 865 1257 et
894 1188 999 1261 litora
1027 1200 1205 1270 errantes3

157 1326 239 1372 cum
266 1301 396 1395 proeliis
422 1324 463 1372 ac
489 1302 617 1373 duellis
643 1304 901 1373 intermisceret
926 1303 1121 1396 naufragia,
1149 1326 1205 1395 pe-

158 1417 228 1511 lagi
245 1426 411 1498 monstra,
430 1418 606 1489 fabulosas
623 1417 765 1488 insulas.
844 1503 845 1506 Ἴ

208 1533 269 1603 Ne
297 1533 430 1603 multa:
472 1533 618 1604 alternis
647 1533 909 1625 quodammodo
944 1533 1081 1604 vicibus
1115 1553 1203 1603 nunc

159 1648 309 1718 Iliadem
332 1671 426 1717 nunc
453 1647 662 1739 Odysseiam
688 1647 955 1728 reminiscimur,
981 1648 1123 1737 quoties
1147 1652 1204 1715 aut

159 1764 373 1855 Spenserum
399 1762 549 1855 legimus
571 1771 635 1833 aut
658 1762 803 1833 Italicos
821 1761 987 1853 Spenseri
1010 1761 1202 1854 magistros.

159 1880 359 1948 Commune
377 1900 499 1946 omnes
516 1878 698 1970 exemplar
715 1877 870 1947 habuere
885 1877 1091 1970 Virgilium.
1136 1875 1204 1946 Ve

158 2017 236 2063 rum
255 1992 349 2063 haud
367 1994 438 2062 scio
456 2015 501 2061 an
519 2014 619 2062 secus
632 1993 791 2084 plerique
804 1991 953 2060 fecerint
966 1989 1098 2082 (neque
1114 1992 1203 2060 enim

159 2110 274 2200 ipsum
302 2108 442 2199 excipio
471 2107 675 2196 Maronem)
704 2108 798 2198 quod
825 2107 908 2176 vitae
938 2106 1093 2176 rationes
1120 2106 1203 2174 adeo

158 2224 313 2294 diversas
347 2246 418 2293 uno
452 2223 553 2313 quasi
591 2224 652 2293 filo
692 2222 923 2313 implicandus
958 2222 1203 2312 judicaverint.

160 2339 313 2419 Etenim,
345 2339 438 2429 quod
473 2340 509 2406 in
545 2339 724 2407 communi
755 2338 828 2406 vita
861 2338 1043 2418 sentimus
1075 2338 1205 2428 opinor,

159 2453 204 2521 ad
234 2474 345 2521 unum
373 2474 506 2534 omnes,
533 2451 688 2522 multum
717 2451 907 2543 profecisse
933 2451 978 2519 ad
1009 2473 1086 2519 rem
1118 2450 1204 2520 bene

158 2568 359 2660 gerendam,
377 2568 437 2657 qui
463 2589 575 2636 unum
593 2568 769 2657 quendam
795 2567 861 2636 sibi
886 2566 1111 2658 proposuerit
1134 2573 1205 2634 tan·

160 2705 266 2775 quam
292 2683 466 2751 bonorum
489 2690 526 2751 et
547 2682 629 2751 vitae
655 2683 774 2764 finem,
795 2682 831 2750 id
858 2682 895 2749 in
923 2680 1043 2771 Epicis
1070 2701 1205 2771 quoque

159 2797 416 2868 narrationibus
459 2798 589 2866 mirum
628 2806 800 2888 quantum
843 2797 1015 2865 dominari
1058 2797 1203 2865 videtur.

161 2913 372 2983 Commorat
399 2911 535 2981 animos
566 2911 745 2982 Homerus
779 2919 900 2981 noster
926 2911 1096 2980 directius
1126 2933 1205 3002 quo-

161 3026 349 3095 dammodo
373 3035 411 3096 et
434 3028 560 3111 verius,
578 3051 684 3118 quam
707 3028 747 3109 si,
773 3036 814 3094 ut
839 3025 1009 3117 plerique,
1028 3025 1204 3096 Achillem

161 3164 242 3211 cum
261 3141 400 3233 Ulysse,
418 3142 595 3211 maritima
612 3166 695 3211 cum
711 3142 923 3212 militaribus
940 3142 1109 3232 periculis
1127 3164 1203 3211 oon·

159 3255 239 3326 fusa
264 3256 380 3325 tradat
405 3263 513 3346 atque
540 3258 735 3326 commista.
793 3255 975 3327 Videlicet
1000 3255 1071 3325 alio
1098 3258 1204 3325 diver·

160 3379 236 3439 tere
266 3369 440 3450 nolumus,
468 3391 530 3460 spe
559 3379 705 3440 metuve
735 3370 845 3440 semel
876 3371 1052 3461 correptir
1084 3379 1163 3439 tum
1186 3392 1203 3436 e

160 3482 377 3552 diverticulis
406 3484 442 3551 in
471 3492 604 3553 rectam
632 3485 821 3554 redeuntes
848 3485 941 3553 viam
973 3484 1095 3552 nescio
1126 3505 1204 3575 quo

160 3599 266 3666 modo
283 3597 451 3690 languere
467 3598 631 3667 solemus.

211 3711 307 3794 Quid
326 3712 451 3794 dicam,
470 3713 648 3805 intelliget
668 3713 728 3802 qui
747 3712 844 3782 volet
868 3712 1073 3805 diligentius
1090 3711 1204 3804 paullo

161 3826 319 3896 conferre
346 3825 552 3918 Odysseiam
576 3849 659 3896 cum
684 3828 844 3909 AEneide,
863 3851 933 3919 qua
954 3851 1001 3898 ex
1025 3839 1128 3919 parte
1152 3828 1205 3896 de·

161 3941 325 4009 scribitur
354 3943 427 4010 sive
455 3942 686 4032 Trojanorum
713 3943 786 4011 sive
811 3942 948 4034 Ulyssis
971 3941 1141 4034 appulsus
1164 3941 1203 4010 ad

161 4063 283 4144 optata
309 4054 420 4126 litora.
474 4057 613 4128 Vereor
638 4081 683 4127 ne
704 4057 901 4150 Virgiliana
925 4056 1129 4149 legentibus
1155 4077 1204 4126 res

154 4169 229 4258 jam
258 4170 420 4239 confecta
447 4194 522 4240 esse
550 4172 732 4243 videatur:
770 4173 864 4241 unde
895 4193 1038 4242 necesse
1066 4180 1123 4241 est
1149 4171 1204 4238 be·

162 4285 306 4352 bescant
323 4285 440 4364 animi,
460 4309 575 4376 neque
592 4290 664 4357 cito
681 4289 724 4355 ad
746 4286 884 4367 bellica,
903 4309 984 4376 quae
1002 4293 1203 4376 sequuntur,
