2738 4866
156 328 307 371 ranam.
344 306 506 371 Primdrii
515 307 638 391 partim
651 306 757 392 quieti,
766 308 889 391 partim
903 309 1026 372 actaea.
1169 311 1211 379 79

155 479 378 547 accedamus.
448 478 635 548 Infinitum
673 486 767 548 esset
809 480 846 548 in
887 477 1033 570 singulis
1072 464 1211 548 morari.

157 594 255 662 Satis
296 593 376 672 erit,
411 595 439 660 si
474 594 510 661 in
545 593 666 684 paucis
701 593 911 683 quibusdam
949 602 987 662 et
1020 594 1212 664 notissimis

160 705 361 798 periculum
379 706 560 776 faciemus.

206 820 266 890 Ac
283 821 439 913 primum
456 822 612 911 quidem,
631 844 781 911 quorum
804 822 934 912 scripta
952 822 1033 890 vitae
1050 829 1211 892 tenorem

156 938 258 1027 quasi
276 947 491 1028 perpetuum
507 944 545 1004 et
563 935 690 1005 stabile
708 935 885 1026 quoddam
906 937 983 1015 ἦθος
999 936 1170 1020 indicant,
1187 939 1213 1006 ii

156 1051 307 1120 fortasse
324 1073 397 1119 non
414 1051 640 1119 incommode
657 1049 759 1118 binos
779 1071 817 1118 se
838 1050 874 1118 in
895 1050 1035 1119 ordines
1055 1053 1211 1120 revocari

160 1165 353 1257 patientur.
405 1164 503 1234 Nam
529 1163 640 1232 veluti
664 1165 725 1254 qui
744 1163 903 1233 Pictores
930 1165 968 1232 in
993 1185 1057 1233 sua
1080 1188 1212 1257 genera

158 1279 418 1371 dispertiendos
443 1286 580 1360 curant,
604 1277 749 1348 alterius
774 1279 966 1369 provinciae
990 1280 1111 1369 quieta
1134 1280 1211 1350 fore

157 1395 269 1475 aiunt,
296 1392 442 1463 alterius
471 1401 616 1462 actuosa
645 1415 686 1462 ac
718 1394 803 1462 vitae
829 1393 953 1484 plena:
990 1393 1041 1463 ita
1070 1417 1211 1485 quoque

157 1509 225 1578 erit
251 1509 288 1577 in
314 1507 419 1576 rebus
444 1508 605 1599 poeticis.
656 1507 765 1577 Alter
787 1507 914 1576 itinere
938 1507 1093 1577 fallentis
1115 1510 1233 1591 vitae,'

156 1623 249 1693 alter
266 1645 385 1692 rerum
403 1623 507 1692 undis
526 1623 747 1714 strepituque
765 1622 1011 1691 delectabitur.
1048 1622 1210 1714 Uterque

157 1736 359 1805 efformabit
386 1736 453 1804 sibi
483 1758 584 1805 suam
612 1735 764 1805 Possin:
797 1735 946 1827 Epicam
973 1727 1132 1818 scilicet*
1147 1748 1210 1808 aut

159 1849 412 1932 Dramatleam,
440 1859 503 1920 aut
535 1851 564 1920 sl
597 1873 667 1941 qua
696 1850 766 1921 alia
795 1847 1012 1945 πράττοντας
1039 1844 1209 1932 μιμεῖσθαί

160 1965 308 2047 noverit,
326 1964 428 2056 agilis
450 1965 521 2048 hic,
538 1966 765 2055 moribusque
791 1973 828 2034 et
853 1965 1005 2056 negotiis
1030 1965 1208 2035 intentus:

159 2080 219 2169 qui
249 2087 372 2148 autem
401 2078 592 2169 tranquilla
621 2087 789 2161 sectatur,
820 2079 894 2148 sive
924 2079 1014 2148 ruris
1043 2102 1106 2148 seu
1136 2087 1209 2149 stu-

158 2193 298 2261 diorum
332 2214 466 2273 amans,
501 2192 531 2260 is
565 2213 650 2260 sane
680 2190 864 2283 Georgicis
898 2190 1108 2281 quibusdam
1146 2201 1209 2260 aut

160 2306 338 2376 Bucolicis
355 2305 455 2374 dabit
473 2328 628 2397 operam.

208 2421 315 2504 Quod
339 2422 368 2490 si
396 2421 453 2491 cui
475 2422 566 2490 forte
592 2421 760 2490 acciderit
786 2420 1000 2502 humanitus,
1024 2427 1065 2489 ut
1091 2430 1208 2490 sumat

157 2536 345 2620 materiem
362 2536 428 2606 sibi
444 2538 561 2606 minus
585 2546 721 2628 aptum,
739 2559 803 2606 suo
825 2545 888 2606 aut
909 2559 1053 2606 suorum
1070 2559 1207 2618 errore;

157 2652 187 2721 si
223 2650 352 2741 praelia,
367 2651 481 2720 -verbi
518 2674 634 2734 causa,
667 2673 862 2743 regumque
898 2651 981 2732 fata,
1015 2650 1208 2720 narrabunt

157 2766 387 2857 “gaudentes
409 2754 494 2834 ‘rure
524 2764 742 2835 Gamoenae:”
777 2764 937 2855 profecto
965 2761 1207 2854 spectaculum

157 2879 255 2948 haud
267 2881 494 2949 invenustum
512 2881 664 2950 cordatis
680 2880 851 2971 praebebit
864 2879 1036 2971 ejusmodi
1054 2878 1206 2947 carmen.

156 2994 336 3064 Recurret'
363 2995 460 3063 enim
487 3017 600 3084 usque
630 2994 771 3064 Natura
799 2995 940 3075 victrix,
967 3002 1139 3083 notasque
1169 3001 1207 3062 et

156 3109 270 3179 avitas
300 3110 454 3191 delicias,
480 3109 700 3179 alienissimis
727 3133 867 3200 quoque
894 3109 999 3178 rebus
1025 3116 1207 3199 occupata,

156 3224 333 3316 respiciet.
385 3222 440 3294 Ut
466 3225 530 3294 fiat
557 3226 703 3294 tandem
726 3223 847 3294 nobile
869 3247 968 3315 opus,
992 3232 1207 3294 nontamen

155 3361 200 3407 eo
239 3361 379 3431 prorsus
416 3340 454 3409 in
491 3362 636 3433 genere,
672 3339 768 3430 quod
806 3339 955 3430 scriptor
992 3338 1094 3408 initio
1131 3342 1208 3407 erat

156 3454 347 3545 professus.
455 3444 457 3451 ’

207 3569 275 3638 Rei
293 3569 405 3662 igitur
420 3570 530 3661 ipsius
552 3569 700 3640 habebis
722 3569 913 3651 delectum,
931 3550 1001 3660 qua
1025 3592 1119 3649 cura,
1137 3592 1207 3660 qua

155 3684 371 3775 perspicacia
404 3685 547 3776 poteris.
611 3684 706 3753 Illud
740 3707 812 3753 non
846 3684 1001 3753 multum
1034 3683 1207 3767 intererit,

157 3800 292 3890 opinor,
316 3806 489 3891 agaturne
513 3820 579 3880 res,
605 3821 651 3868 an
676 3806 756 3869 acta
781 3807 961 3881 narretur3
988 3799 1207 3868 scenicorum

155 3935 202 3982 an
227 3911 484 4006 rhapsodorum
506 3913 579 3981 ritu
609 3913 719 3983 semel
746 3913 958 3983 ‘inventa'in
985 3912 1103 3983 lucem
1128 3937 1209 4006 pro·

156 4027 260 4099 feras.
330 4027 412 4098 Nisi
450 4029 543 4099 forte
585 4037 647 4097 aut
684 4026 843 4098 Homero
876 4027 1111 4121 Tragoediam,
1145 4037 1209 4099 aut

157 4141 362 4234 Shakspero
378 4151 500 4214 nostro
518 4143 737 4236 Epopoeiam,
754 4145 954 4235 suspicetur
970 4142 1097 4233 aliquis
1113 4143 1208 4215 male

156 4280 345 4329 cessuram.
389 4258 550 4329 Externa
567 4266 650 4329 sunt
666 4259 745 4340 ista,
759 4267 797 4327 et
814 4258 1029 4328 adventitia:
1051 4264 1092 4326 ut
1110 4257 1147 4326 in
1164 4259 1206 4328 iis
