2738 4866
319 1283 717 1366 PRAELECTIO
761 1286 1060 1367 SEPTIMA.

623 1559 765 1572 -

163 1743 332 1814 Rependitur
344 1747 433 1817 primo
450 1747 575 1801 universe
587 1748 682 1802 Iliadis
699 1756 883 1818 oruamentum,
902 1748 993 1802 deiude
1009 1748 1092 1818 ipsius
1102 1746 1216 1801 Achillis

195 1849 319 1901 persona.
361 1835 488 1904 Utrinque
499 1835 615 1904 efficitur,
624 1837 762 1890 Homerum
774 1836 810 1890 ud
819 1835 981 1890 scriberdum
992 1835 1090 1904 impelli
1096 1835 1215 1904 potuisse

201 1935 287 1971 rerum
299 1920 471 1973 Hernicorum
482 1921 618 1976 desiderio.

254 2137 524 2224 ISPUTATIO
552 2148 672 2210 nostra
697 2142 741 2209 de
768 2140 880 2210 Iliade
906 2143 992 2211 duas
1018 2143 1092 2210 fere
1118 2164 1214 2210 oom-

278 2257 457 2349 pleetetur
480 2263 621 2347 partes:
646 2255 822 2337 Alteram,
849 2279 998 2346 eamque
1023 2253 1128 2348 longe
1151 2280 1214 2348 po-

162 2373 303 2452 tiorem,
320 2372 465 2440 ductam
487 2370 533 2439 ab
553 2371 662 2461 ipsius
680 2369 860 2440 Poematis
885 2371 995 2453 serie3
1021 2394 1099 2460 quae
1117 2373 1214 2442 vide-

163 2487 258 2570 lieet,
293 2493 431 2557 attente
465 2485 610 2577 legenti,
644 2509 818 2576 nusquam
857 2509 928 2554 non
968 2484 1035 2555 erit
1071 2487 1212 2571 indicio,

164 2601 314 2672 Poetnm
348 2601 468 2670 omnia
505 2602 630 2670 eodem
665 2601 769 2692 plone
806 2602 935 2683 animo,
970 2625 1040 2692 quo
1075 2611 1212 2673 veteres

162 2715 312 2799 Heroas,
339 2716 572 2807 contemplari
596 2738 674 2785 esse
700 2715 865 2784 solitum:
900 2714 1075 2798 Alteram,
1106 2719 1213 2808 serip-

160 2833 246 2902 sisse
277 2833 477 2902 Homerum
512 2854 555 2901 eo
585 2832 754 2921 temporis
781 2839 925 2922 puncto,
952 2853 1022 2921 quo
1056 2835 1212 2903 maxime

160 2950 318 3038 potuerit
343 2950 387 3019 ad
408 2949 529 3017 vivum
549 2954 752 3038 penetrasse
777 2946 957 3015 heroicum
981 2946 1069 3017 illud
1093 2947 1211 3033 πάθος,

161 3070 199 3131 et
220 3063 337 3132 saeeuli
354 3065 430 3154 jam
454 3062 606 3131 labentis
629 3061 852 3130 desiderium.
905 3060 962 3130 Ex
985 3063 1112 3152 quibus
1138 3063 1212 3132 effi-

160 3179 284 3260 cietur,
314 3178 487 3270 probabili
520 3185 617 3247 oerte
644 3177 790 3258 ratione,
819 3176 1019 3245 Homerum
1053 3177 1131 3246 ideo
1166 3180 1211 3248 od

159 3293 385 3363 scribendum
416 3293 613 3373 accessisse,
644 3299 685 3359 ut
720 3291 890 3380 inquieto,
924 3314 995 3380 quo
1030 3291 1210 3383 flagrabat,

157 3410 314 3502 priorum
348 3417 551 3501 temporum
584 3409 839 3499 hominumque
870 3408 981 3476 amori
1014 3407 1131 3499 aliqua
1165 3433 1211 3480 ex

158 3533 260 3615 parte
277 3532 396 3614 posset
413 3523 558 3592 mederi.

208 3638 292 3708 Jam
320 3647 403 3708 ante
437 3639 557 3708 omnia
589 3647 793 3729 spectemus
828 3645 970 3729 oportet
1004 3639 1209 3708 universum

156 3758 268 3848 ipsius
289 3755 411 3826 Iliadis
436 3767 697 3849 argumentum.
741 3756 950 3826 Videndum
979 3780 1024 3825 an
1053 3758 1089 3826 id
1117 3759 1210 3848 ejus-

156 3873 256 3942 modi
291 3872 347 3955 sit‚
380 3873 476 3963 quod
510 3874 601 3942 votis
638 3874 849 3964 respondeat
884 3873 1010 3941 fervidi
1044 3872 1208 3971 hominis,

156 3987 262 4057 oculo
279 3989 317 4057 in
334 4012 389 4060 res
406 3988 564 4058 heroicas
581 3989 686 4058 unioe
704 3989 821 4059 defixo
839 3999 877 4058 et
895 3989 1047 4057 intento.

220 4103 302 4188 Quo
336 4105 373 4176 in
410 4105 488 4175 looo
522 4104 610 4174 illud
645 4105 799 4197 primum
833 4103 997 4192 occurrit,
1032 4103 1092 4173 vix
1127 4105 1208 4180 illos

155 4223 294 4313 assequi
334 4230 493 4323 mentem
529 4220 691 4304 Homeri,
725 4222 786 4313 qui
829 4242 1023 4304 summam¹
1045 4221 1206 4311 praeelari
