2738 4866
162 345 256 388 enan.
268 345 315 387 rx.
369 322 462 387 οοοίο
469 342 531 406 pro
544 320 644 384 curiis
656 319 847 383 dominorum
860 318 1001 403 ιὀροιιὶἱο.
1146 317 1210 383 148

161 483 298 553 Audite
321 484 430 553 etiam
456 492 597 574 postero
614 481 684 564 die,
701 480 849 572 propriis
867 482 944 571 jam
964 481 1075 572 equis,
1092 488 1134 550 ut
1156 479 1207 560 fit,

161 621 235 668 sese
246 593 485 689 jactantem¹:

337 737 387 794 οἶοι
398 740 491 808 Τρώϊοι
502 737 585 801 ἵπποι,
598 737 763 806 ε’πιστάμενοι
774 737 874 791 πεδίοιο

336 825 446 895 κραιπνὰ
455 823 516 893 μάλ’
529 823 591 877 ἔνθα
602 823 644 876 καὶ
655 822 716 877 ἔνθα
727 822 849 892 διωκέμεν
859 820 904 890 ἠδέ
916 821 1055 894 φέρεσθαι.

161 947 286 1040 Longe
311 945 381 1016 alia
404 967 505 1015 mens
530 951 586 1014 est
613 943 789 1026 Hectoris,
807 944 886 1026 alia,
903 944 948 1013 ad
970 966 1080 1035 equos
1098 967 1207 1027 versa,

160 1069 286 1131 omno·
337 1156 383 1209 νῦν
392 1151 437 1223 μοὶ
449 1152 495 1221 τὴν
506 1153 613 1222 κομιδὴν
623 1152 783 1217 ἀποτίνετον,
795 1152 826 1222 ἦν
837 1154 909 1222 μαλα
919 1154 1023 1223 πολλὴν

335 1239 507 1311 Ἀνδρομάχη,
520 1239 635 1312 θυγάτηρ
645 1238 824 1311 μεγαλήτορος
834 1238 981 1303 Ἠετίωνος,

336 1324 397 1393 ὑμῖν
406 1324 460 1394 πάρ
472 1324 625 1395 προτέροισι
636 1323 784 1404 μελίφρονα
795 1325 878 1394 πυρὸν
889 1324 986 1392 ἔθηκεν,

337 1408 407 1464 οἶνόν
417 1409 440 1463 τ’
453 1410 619 1480 ἐγκεράσασα
628 1412 705 1473 πιεῖν,
718 1407 761 1464 ὅτε
774 1409 855 1478 θυμάς
866 1409 968 1480 ἀνώγοι,

337 1494 353 1564 ἢ
366 1495 432 1565 ε’μοί,
445 1494 530 1566 ὅσπερ
543 1496 568 1548 ol
580 1495 691 1565 θαλερὸς
701 1498 781 1551 πόσις
792 1499 900 1565 εὔχομαι
913 1493 994 1550 εἶναι’.

160 1621 248 1704 Quae
287 1619 373 1689 licet
410 1618 631 1710 grammatici
669 1618 840 1700 nonnulli,
874 1618 992 1688 festivi
1033 1617 1205 1700 homines,

161 1733 323 1804 Homero
353 1732 580 1824 abjudicent3
605 1731 693 1807 mihi
716 1739 848 1814 tamen,
871 1737 913 1799 ut
940 1753 1017 1820 quac
1040 1731 1205 1809 maxime,

161 1848 379 1918 Hectoream
405 1845 564 1937 indolem·
587 1868 710 1936 sapere
728 1845 913 1915 videntur:
942 1869 1057 1937 neque
1080 1847 1206 1914 imme·

160 1967 228 2033 rito
246 1962 410 2054 componi
424 1983 526 2052 posse
540 1983 622 2030 cum
633 1958 816 2043 Achilleis,
828 1964 904 2052 jem
922 1969 1027 2030 antea
1044 1960 1206 2045 laudatis,

159 2079 288 2169 quibus
306 2077 394 2147 nihil
411 2078 448 2146 in
465 2076 666 2168 hujusmodi
683 2087 894 2170 argumento
912 2077 1139 2169 splendidius.

338 2222 420 2278 Ξάνθε
431 2243 460 2276 τε
472 2221 514 2275 καὶ
525 2221 612 2285 Βαλίε,
624 2221 769 2289 τηλεκλυτὰ
779 2222 855 2276 τέκνα
866 2221 1013 2293 Ποδάργης,

335 2307 423 2364 ἄλλως
433 2307 464 2374 δὴ
477 2305 611 2377 φράζεσθε
623 2305 761 2376 σαωσέμεν
772 2305 880 2377 ἡνιοχῆα

335 2392 378 2463 ἂψ
391 2397 496 2446 Δαναῶν
507 2392 534 2448 ε’ς
545 2391 646 2461 ὅμιλον,
659 2392 716 2446 ε’πεί
725 2391 752 2462 χ’
765 2394 846 2462 έῶμεν
856 2392 991 2460 πολέμοιο,

334 2477 402 2546 μηθ,
414 2479 448 2534 ὦς
459 2477 620 2547 Πάτροκλον,
632 2477 714 2532 λίπετ’
727 2477 806 2532 αὐτοῦ
817 2477 947 2546 τεθνηῶτα
953 2476 977 2530 ¹¹.

158 2601 285 2693 Atque
319 2624 362 2670 ea
390 2601 534 2692 quidem
568 2601 637 2670 hoc
664 2609 826 2692 tempore
857 2601 1000 2692 protuli,
1034 2623 1105 2670 non
1136 2623 1206 2691 quo

157 2717 335 2799 docerem,
352 2716 441 2785 mire
457 2716 524 2785 sibi
548 2723 711 2785 constare
728 2714 786 2784 vel
809 2717 846 2784 in
871 2715 1028 2784 minimis
1051 2714 1207 2807 singulos

157 2831 293 2913 heroas,
312 2832 374 2901 sed
399 2854 469 2921 quo
486 2831 625 2923 planius
642 2831 806 2912 facerem,
824 2833 933 2901 etiam
954 2831 991 2899 in
1012 2830 1080 2899 hac
1096 2838 1206 2921 parte,

157 2955 327 3035 tanquam
355 2946 392 3013 in
417 2969 456 3014 re
481 2945 637 3014 multum
664 2944 806 3040 dilecta,
825 2945 1034 3038 diligentem
1059 2944 1105 3013 ab
1131 2942 1208 3012 Ho-

156 3083 257 3130 mero
275 3082 417 3152 operam
435 3060 566 3130 navari.

209 3172 282 3243 Sed
316 3174 483 3263 quoniam
511 3196 683 3263 equorum
714 3170 867 3242 Achillis
900 3160 1026 3241 incidit
1060 3171 1208 3271 mentio,

157 3287 282 3380 religio
303 3295 397 3358 esset
419 3288 666 3380 gravissimum
687 3287 871 3378 praeterire
896 3309 1049 3368 carmen,
1067 3309 1137 3377 quo
1155 3286 1206 3355 illi

157 3402 333 3472 desiderio
362 3400 517 3472 Patrocli
542 3402 775 3494 lacrymantes
802 3402 1028 3471 inducuntur.
1080 3401 1207 3493 Itaque

156 3516 231 3599 illo,
252 3525 420 3608 tanquam
447 3517 605 3608 palmari,
631 3518 834 3586 universum
860 3516 955 3585 hunc
981 3516 1098 3586 locum
1125 3539 1208 3586 con-

157 3631 302 3701 cludere
337 3629 497 3701 decrevi:
540 3632 601 3722 qui
636 3632 779 3722 quidem
820 3630 918 3700 locus
956 3631 994 3700 in
1033 3653 1076 3700 eo
1110 3638 1207 3700 totus

157 3752 330 3829 versatur,
347 3754 389 3815 ut
412 3743 614 3816 Homerum
634 3745 847 3818 militaribus
864 3745 963 3836 quasi
985 3745 1096 3834 oculis
1119 3744 1207 3814 nihil

156 3879 229 3925 non
247 3859 426 3948 aspexisse
444 3858 647 3927 contendat.

335 3997 442 4054 ’ίπποιθ
456 3999 587 4064 Αἰακίδαο,
599 4001 684 4071 μάχης
695 3999 837 4054 ἀπάνευθεν
849 4000 943 4061 ε’όντες,

336 4088 434 4150 κλαῖον,
447 4085 533 4155 tardi
545 4092 636 4158 πρῶτα
647 4086 781 4154 πυθέσθην
792 4083 908 4159 ἡνιόχοιο

266 4293 275 4332 ¹
296 4293 328 4348 ll.
342 4295 396 4350 viii.
413 4309 472 4365 105.
642 4294 650 4333 ¹
662 4313 688 4348 v.
702 4311 763 4349 222.
942 4293 953 4324 ¹¹
971 4293 1026 4347 rix.
1039 4306 1101 4358 400.
