2738 4866
156 346 247 392 rann.
259 346 329 394 xm.
357 327 523 393 Telemachi
537 327 670 403 comitas,
684 327 749 408 ιῗροο
756 326 905 410 poematia
918 323 1016 389 initio.
1135 323 1200 384 218

155 506 353 590 congruant
386 499 431 567 ad
465 497 678 566 desiderium
713 503 751 564 et
783 495 1072 587 indignationem.
1128 490 1202 561 Sed

154 612 198 680 ad
215 611 354 703 reliqua
369 606 592 704 pergamusl.

296 789 374 857 αὖτην
385 787 408 842 δ’
420 789 447 844 ἔς
458 789 551 860 θρόνον
561 785 632 844 εἷσεν
642 789 720 858 ἄγων,
732 788 782 841 ὑπὸ
793 789 854 840 λῖτα
864 784 998 841 πετάσσας

297 876 385 939 καλὸν,
398 873 542 929 δαιδάλεον·
561 875 611 928 άπὸ
624 875 653 928 δὲ
665 873 757 945 θρῆνος
768 874 848 927 ποσίν
859 869 910 940 ἦεν·

298 961 350 1028 πάρ
363 960 384 1014 δ’
398 962 475 1017 αὐτὸς
486 962 598 1030 κλισμὸν
610 960 669 1014 θίτο
681 960 807 1023 ποικίλον,
818 956 923 1013 ἔκτοθεν
933 956 1022 1012 ἄλλων

298 1045 460 1117 μνηστήρων,
471 1045 506 1115 μὴ
518 1047 601 1114 ξεῖνος
612 1044 722 1112 άνιήθεις
733 1045 869 1116 ὀρυμαγδῷ

299 1129 392 1203 δείπνιρ
406 1129 550 1198 άδδήσειεν,
563 1130 750 1200 ὑπερφιάλοισι
761 1129 900 1197 μετίλθων,

298 1211 338 1282 ἧδ’
350 1214 391 1269 ἵνα
402 1238 446 1285 μιν
456 1217 516 1286 περὶ
527 1217 625 1286 πατρὸς
636 1215 816 1287 ἀποιχομένοιο
826 1212 921 1286 ἔροιτο.

156 1377 274 1458 Adeo,
291 1377 405 1467 primo
423 1378 544 1448 statim
560 1378 730 1470 ingressu,
743 1400 822 1468 quae
836 1377 882 1445 sit
898 1374 1203 1466 utriusquepartis

157 1491 296 1563 indoles
312 1492 392 1562 luce
413 1493 540 1563 clarius
563 1495 709 1563 indicari
727 1494 866 1562 videtis.
919 1490 1028 1583 Apud
1045 1491 1204 1560 Telema-

159 1609 267 1678 chum
297 1609 394 1701 regia
420 1608 630 1702 benignitas,
658 1617 780 1700 aperta
807 1617 914 1698 atque
944 1606 1040 1700 larga
1069 1629 1203 1687 manus,

158 1747 259 1795 mens
275 1726 313 1793 in
330 1725 509 1816 hospitum
521 1725 603 1816 jura
619 1748 660 1795 ac
678 1724 874 1817 religiones,
888 1730 929 1792 ut
942 1747 1022 1814 quae
1036 1723 1203 1806 maxime,

160 1847 296 1910 arrecta
322 1848 359 1909 et
384 1841 542 1910 intenta:
569 1842 663 1932 apud
690 1862 813 1931 procos
839 1862 881 1908 ea
906 1838 1138 1918 contumacia,
1165 1845 1206 1905 ut

161 1976 207 2022 ne
224 1952 292 2045 ipsi
309 1954 453 2044 quidem
471 1952 684 2023 Telemacho
707 1953 813 2022 liceat
837 1954 995 2043 accipere
1013 1951 1207 2020 fraternum

160 2058 348 2159 hospitem,
367 2062 433 2136 ui'si
451 2091 532 2137 cum
550 2067 706 2159 periculo
721 2067 873 2158 quodam
885 2066 1078 2158 dignitatis.
1103 2065 1207 2147 Quod

162 2194 284 2252 autem
302 2206 345 2252 eo
362 2192 523 2275 tempore
541 2185 694 2253 intactus
707 2183 796 2252 abiit
813 2182 940 2273 hospes
954 2180 991 2250 et
1007 2181 1208 2263 inviolatus,

161 2299 200 2368 id
225 2299 458 2391 intelligimus
483 2310 555 2368 non
580 2299 675 2368 ultro
696 2322 718 2368 a
738 2299 853 2390 procis
874 2298 961 2377 fieri,
979 2298 1041 2367 sed
1066 2306 1211 2388 propter

162 2413 294 2483 indicia
318 2414 478 2505 quaedam
504 2415 699 2506 majestatis
724 2412 910 2504 plusquam
935 2413 1107 2492 humanae,
1129 2434 1209 2502 quae

162 2529 361 2597 reverentia
391 2527 449 2598 vel
477 2528 607 2598 invitos
636 2528 831 2620 tetigerint.
884 2527 944 2597 Sic
971 2528 1068 2596 enim
1094 2548 1213 2596 rursus

165 2638 444 2735 Eurymachus:

304 2819 364 2874 ἄλλ’
377 2814 458 2875 steilo
470 2830 511 2884 σἐ,
524 2818 644 2891 φέριστε,
656 2820 716 2889 περὶ
728 2819 821 2886 ξείνοιο
832 2812 947 2890 ἔρεσθαι·

307 2905 421 2960 ὅπποθεν
433 2906 508 2962 οὗτος
519 2905 591 2977 ἀνὴρ,
603 2906 678 2974 ποίης
690 2905 711 2959 δ’
725 2906 755 2973 ἐξ
767 2909 869 2975 εὔχεται
880 2902 944 2960 εἶναι

306 2990 388 3062 γαίης·
406 2995 457 3046 ποῦ
469 2990 497 3046 δέ
510 2991 539 3046 νά
551 2994 576 3044 ol
587 2993 662 3063 γενεὴ
674 2992 716 3044 καὶ
728 2993 820 3063 πατρὶς
831 2989 939 3062 άρουρα·

308 3075 337 3146 ἠὲ
348 3077 394 3133 τιν’
407 3077 530 3148 άγγελίην
541 3078 638 3148 πατρὸς
649 3076 727 3148 φὲρει
739 3077 900 3148 ἐρχομένοιο,

307 3161 323 3231 δ
336 3164 379 3216 ἑὸν
390 3164 469 3216 edred
480 3166 568 3233 χρεῖος
579 3163 731 3232 ἐελδόμενος
743 3162 796 3217 τόδ
810 3162 887 3216 ίκάνει
894 3184 902 3226 3

309 3245 384 3302 οἷον
403 3246 549 3316 ἀναΐξας
569 3249 663 3319 ἄφαρ
684 3247 832 3318 οἴχεται,
854 3247 920 3300 οὐδ’
940 3244 1127 3317 ὑπέμεινεν

308 3337 492 3404 γνώμεναι·
511 3335 542 3388 οὐ
553 3335 600 3402 μὲν
610 3334 660 3405 γάρ
674 3357 698 3388 τι
710 3338 777 3406 κακῷ
790 3335 827 3389 εἷς
838 3333 894 3387 ὦπα
907 3331 986 3406 ἐῴκει.

169 3488 305 3558 Nescio
333 3511 404 3579 quo
437 3490 565 3558 timore
599 3498 808 3559 coercentur
836 3490 992 3558 immites
1022 3489 1142 3569 animi,
1170 3512 1215 3558 ne

169 3602 286 3672 Deam
317 3603 476 3692 quamvis
504 3603 677 3672 latentem
708 3604 838 3673 violare
868 3605 1033 3673 audeant.
1102 3604 1218 3672 Iidem

168 3724 304 3808 postea,
329 3738 469 3786 reverso
490 3719 633 3787 demum
658 3716 795 3810 Ulysse,
816 3720 942 3809 pannis
965 3718 1098 3797 laceris,
1120 3738 1219 3785 men-

171 3831 291 3900 dicum
317 3839 456 3923 agente,
484 3854 553 3922 qua
580 3832 725 3901 tandem
749 3855 825 3902 sese
854 3842 983 3925 gerunt
1008 3831 1217 3902 insolentia!

171 3943 395 4035 Quanquam,
416 3953 458 4014 ut
479 3953 602 4015 verum
627 3947 747 4029 fatear,
775 3955 934 4017 servatur
959 3948 1008 4016 ibi
1032 3947 1220 4016 discrimen

170 4057 325 4149 aliquod,
342 4060 436 4128 inter
453 4058 653 4131 Antinoum
677 4071 891 4154 caeterosque
913 4085 1099 4155 procorum
1125 4061 1220 4152 prin-

332 4308 347 4346 ¹¹
366 4271 420 4364 Oh.
434 4310 453 4364 i.
469 4326 527 4380 130.
945 4311 951 4344 ¹
969 4313 988 4367 i.
1000 4325 1061 4379 405.
