2738 4866
153 348 252 388 rann.
265 347 309 387 1u.
393 327 509 400 attiae,
526 325 772 387 commotiones
786 322 973 406 (edificandi.
1168 322 1211 386 35

158 516 266 585 opere
283 517 388 585 quarn
407 495 677 577 delicatissimo;
703 518 850 585 quarum
870 497 967 585 quasi
984 495 1091 577 fibrae,
1105 495 1208 564 folio-

159 627 238 676 rum
255 609 397 691 similes,
415 633 485 677 non
503 618 677 701 vagantur
694 610 763 678 illae
781 611 935 698 quidem,
953 609 1065 679 libere
1087 619 1206 679 tamen

159 723 229 791 huc
250 723 335 792 illuc
353 723 526 793 feruntur.
577 724 701 792 Totius
730 733 850 792 autern
874 723 1016 792 fabricae
1039 725 1208 804 ordinem,

159 860 363 928 nexumque
385 840 552 929 partium,
569 838 594 906 ii
621 839 687 928 ipsi
709 839 768 927 qui
795 837 1040 918 condiderunt,
1059 838 1209 926 majores

158 956 282 1035 nostri,
299 955 550 1047 religiosissimi
567 954 739 1033 homines,
753 952 790 1020 in
807 953 876 1021 hoc
893 954 983 1020 verti
1001 953 1209 1034 voluerunt;

159 1077 201 1135 ut
231 1092 378 1159 quaeque
407 1092 487 1159 pars
517 1092 560 1137 eo
595 1069 793 1158 respiceret,
825 1090 894 1156 quo
925 1068 1044 1135 omnia
1077 1068 1208 1156 ubique

159 1183 281 1251 referri
316 1192 517 1273 oporteret3
551 1183 596 1251 ad
631 1184 706 1272 ipsa
736 1182 902 1250 videlicet
927 1181 1067 1270 Templi
1102 1187 1225 1271 pene·v
1247 1170 1260 1192 ⁹
1300 1180 1303 1189 ’

160 1299 274 1378 tralia,
293 1307 330 1366 et
348 1299 607 1367 sanctissimum
627 1296 714 1365 illud
735 1296 905 1387 Adytum,
924 1319 994 1385 quo
1012 1296 1101 1363 nihil
1118 1295 1209 1363 infra

161 1412 290 1480 coelum
318 1396 481 1481 divinius.
533 1410 750 1493 Quinetiam,
780 1411 874 1500 quod
905 1412 1078 1489 omnibus,
1106 1419 1209 1499 quot·

160 1535 248 1616 quot
265 1534 358 1606 sunt,
377 1524 545 1615 Templis,
563 1536 664 1592 terna
679 1523 785 1592 Atria
802 1524 1049 1593 constituenda
1065 1547 1208 1592 curave-

160 1649 253 1720 runt,
273 1639 458 1709 Orientem
482 1661 600 1707 versus
623 1639 839 1728 spectantia3
867 1647 944 1705 tum
968 1640 1062 1727 quod
1080 1639 1207 1707 Turres

161 1756 246 1823 istas
258 1753 470 1846 gracillimus
487 1754 745 1844 excogitarunt,
759 1761 863 1822 acuto
876 1753 1025 1843 fastigio,
1040 1762 1205 1844 tanquam

162 1870 286 1961 digito,
309 1867 504 1936 coelestium
533 1867 661 1945 indice,
682 1866 719 1934 in
746 1868 954 1934 immensam
981 1866 1207 1935 altitudinem

161 1992 301 2062 erect03
328 1981 488 2070 nunquid
505 1981 601 2049 aliud
628 1981 735 2048 fuisse
757 1980 794 2046 in
818 2002 923 2048 causa
940 1981 1083 2069 putatis,
1103 2004 1207 2070 quam

161 2105 320 2164 mentem
345 2093 573 2185 religionibus
600 2093 774 2161 intentam
800 2115 842 2162 ao
868 2095 1045 2163 defixam?
1079 2095 1209 2185 impor-

163 2212 283 2279 tunius
317 2208 461 2288 scilicet,
497 2216 537 2275 ut
573 2207 734 2276 nonnulli
772 2208 998 2287 arbitrantur,
1033 2211 1094 2278 sed
1130 2219 1207 2277 erat

162 2326 280 2394 delixa
297 2331 430 2391 tamen.

212 2437 350 2506 Possim
378 2459 519 2527 quoque
547 2437 658 2505 fusius
678 2418 874 2527 explicare,
900 2462 1003 2528 quarn
1033 2441 1208 2529 exquisite

163 2551 315 2643 plurima
342 2551 563 2630 variaverint,
585 2560 691 2641 prout
714 2551 862 2622 affectus
887 2555 940 2622 sui
969 2553 1126 2634 tulerint,
1157 2557 1210 2622 in·
1297 2552 1300 2557 ’

161 2666 392 2759 geniosissimi
418 2665 570 2754 opifices,
590 2676 627 2732 et
645 2664 767 2736 Poetis
785 2666 858 2734 fere
879 2668 1051 2748 omnibus,
1071 2669 1207 2755 (eorum

162 2802 248 2870 pace
266 2779 441 2870 dixerim)
460 2779 572 2870 magis
591 2778 737 2848 Poetici.
790 2779 950 2862 Quorum
968 2782 1062 2848 inter
1084 2804 1210 2850 monu-

162 2903 284 2962 menta
301 2915 379 2984 quae
398 2894 510 2982 primo
527 2902 610 2960 sunt
633 2894 775 2962 condita
798 2895 955 2962 animum
980 2916 1148 2986 magnum
1172 2905 1209 2963 et

163 3017 332 3088 erectum,
350 3015 387 3074 et
405 3006 582 3075 levissima
598 3030 744 3097 quaeque
762 3016 1060 3088 contemnentem,
1075 3010 1208 3098 optime

162 3131 200 3190 et
226 3121 406 3191 declarant
432 3129 469 3188 et
496 3122 673 3190 excitant:
710 3122 906 3190 recentiora
931 3121 1057 3211 partim
1089 3124 1207 3192 nescio

162 3259 232 3326 qua
262 3235 449 3304 dulcedine
483 3236 622 3325 piorum
657 3244 796 3303 mentes
826 3258 943 3303 coram
970 3234 1049 3304 Deo
1076 3237 1208 3317 fovent,

162 3352 292 3441 partim
318 3349 503 3440 splendore
531 3351 682 3441 quodam
710 3351 848 3428 docent,
874 3348 1034 3440 Benigno
1058 3350 1208 3418 Numini

163 3488 185 3532 a
201 3464 292 3533 veris
310 3464 504 3532 cultoribus
521 3463 610 3530 nihil
627 3486 698 3531 non
716 3463 910 3554 largissime
928 3465 1139 3533 donandum.

215 3577 286 3646 Sed
312 3600 355 3646 ea
379 3577 625 3667 praetermitto,
643 3599 689 3644 ne
710 3577 855 3668 longum
873 3577 1010 3646 faciam.
1064 3578 1207 3647 Etenim

163 3692 317 3760 rationes
340 3690 527 3759 nonnullas
547 3691 634 3758 mihi
654 3692 729 3781 jam
757 3691 917 3760 attulisse
934 3692 1064 3782 videor,
1083 3715 1146 3761 cur
1171 3700 1208 3759 et

163 3805 257 3894 apud
276 3802 503 3872 Architectos
525 3803 652 3872 Poesin
678 3803 831 3893 aliquam
860 3827 935 3873 esse
964 3805 1208 3884 concedamus,

164 3927 202 3985 et
236 3939 315 3984 eam
349 3916 589 4008 intelligamus
619 3916 757 3998 Poesin,
785 3940 865 4006 quae
895 3918 1071 3985 ferventes
1101 3919 1206 3985 animi

164 4052 286 4100 sensus
304 4032 401 4121 quasi
419 4052 483 4120 per
499 4031 680 4100 involucra
697 4032 871 4100 ostendat.

217 4257 360 4327 Melicis
384 4272 503 4329 autem
531 4263 612 4350 quid
641 4285 705 4330 usu
727 4264 854 4343 veniat,
881 4285 951 4330 non
975 4261 1097 4329 multis
1122 4262 1210 4330 mihi

665 4397 689 4442 n
710 4399 729 4443 a
