2738 4866
159 338 256 379 aarum
272 339 316 379 xr.
405 317 612 401 Comparantur
626 316 759 380 Achillas
773 337 838 379 σοον
860 316 973 398 Ulyaao.
1149 318 1212 384 173

160 507 202 552 ac
231 482 438 553 dissimilest
476 485 559 554 hinc
594 485 789 555 Hernicum
824 484 913 553 illud
951 484 1037 567 ἦθος,
1072 508 1212 579 vagum,

159 600 370 690 inquietum,
388 600 549 669 tentandi
573 602 692 670 omnia
718 601 907 692 cupidum:
943 599 1041 670 illinc
1062 600 1210 694 flagran-

160 714 336 783 tissimum
355 714 450 783 domi
468 715 659 805 patriaeque
677 714 901 784 desiderium.

211 826 317 911 Quod
342 829 495 919 primum
522 829 675 901 efficitur
705 853 751 900 ex
781 853 919 898 summa
946 832 1058 899 totius
1084 832 1208 922 operis.

161 943 246 1012 Non
279 945 374 1013 enim
402 943 521 1038 gloriae
552 968 648 1039 ergo,
679 945 780 1014 velut
808 943 1036 1037 Argonauta,
1067 947 1209 1038 navigat

161 1057 317 1151 Ulysses
335 1082 407 1128 non
423 1059 521 1142 lucri,
540 1083 610 1130 non
634 1061 791 1151 imperii:
818 1081 929 1128 unum
948 1060 1055 1129 modo
1072 1059 1209 1128 solicite

160 1173 299 1263 quaerit‚

335 1283 421 1339 alaude
432 1283 454 1339 τ’
467 1285 610 1354 ἶλθέμεναι,
623 1288 664 1339 καὶ
676 1289 799 1354 νόστιμον
810 1283 879 1354 ἦμαρ
891 1284 1002 1339 ἰδέσθαι.

159 1406 314 1477 Assidue
343 1406 438 1476 Deos
466 1408 579 1476 otium
613 1417 724 1500 rogat,
757 1407 808 1475 ita
838 1414 968 1488 tamen,
1000 1415 1040 1475 ut
1070 1428 1209 1498 semper

159 1532 295 1592 arrecto
329 1523 376 1592 sit
409 1524 527 1591 animo
562 1524 599 1591 in
632 1520 791 1615 pericula
826 1544 866 1591 ac
902 1521 1049 1591 labores.
1101 1522 1207 1605 erod

159 1640 274 1729 ipsum
301 1639 543 1731 navigantium
569 1637 647 1718 ἦθος
668 1638 817 1707 fortasse
843 1660 913 1706 non
939 1636 1205 1706 maledicatur.

160 1752 283 1824 Habet
309 1762 406 1823 certe
431 1752 628 1823 Hernicum
655 1752 798 1844 aliquid,
820 1754 887 1821 etsi
912 1776 983 1821 non
1009 1775 1134 1843 pamm
1158 1752 1207 1819 vi·

160 1868 265 1938 detur
297 1869 419 1938 abesse
452 1871 497 1938 ab
532 1867 713 1939 Achilleia
747 1868 809 1938 illo
844 1868 1050 1959 splendore;
1093 1889 1207 1957 eoque

158 1984 285 2053 melius
298 1984 488 2076 respondet
504 1986 647 2078 ingenio
665 1985 765 2055 annis
782 1983 984 2054 labentibus
1001 1982 1175 2074 mitigato.

208 2098 353 2170 Videtis
371 2123 441 2191 quo
458 2101 584 2169 tendat
601 2122 740 2169 summa
757 2098 895 2169 fabulae.
943 2097 1051 2167 Nunc
1069 2097 1206 2188 Ulyssis

158 2237 344 2306 personam
371 2217 634 2308 expendamus:
672 2216 732 2306 qui
767 2238 849 2284 cum
879 2212 1022 2283 Achille
1056 2212 1205 2282 collatus

157 2329 247 2400 illud
266 2331 380 2422 ipsum
399 2332 586 2401 discrimen
604 2338 730 2412 servat,
749 2353 819 2420 quo
841 2352 906 2398 nos
930 2326 1138 2420 Odysseiam
1160 2327 1206 2398 ab

159 2445 272 2516 Iliade
306 2447 502 2537 sejunctam
534 2445 706 2516 volumus.
771 2444 837 2515 Est
864 2444 925 2514 ille
952 2443 1075 2512 multis
1105 2444 1205 2513 annis

158 2562 298 2631 senior:
334 2562 430 2631 unde
458 2562 567 2631 etiam
592 2562 627 2629 in
660 2559 807 2630 heroum
835 2558 984 2628 concilio
1012 2558 1205 2649 compellat

156 2676 339 2748 Achillem
356 2685 547 2770 pervagato
565 2670 659 2757 illel,

333 2806 388 2859 ἔπει
399 2806 526 2875 πρότερον
536 2805 655 2874 γενόμην,
668 2803 709 2855 καὶ
720 2802 828 2855 πλείονα
839 2797 905 2854 οἶδα.

158 2910 282 3002 anue
312 2913 440 3004 passim
470 2911 557 2980 dicit
584 2921 621 2979 et
651 2909 735 3001 agit,
765 2906 894 2998 quibus
921 2913 1009 2976 aetas
1036 2906 1206 2975 maturior

156 3027 249 3097 solet
266 3027 444 3098 delectari.
496 3027 588 3095 Tum
608 3025 749 3115 utrique
766 3023 911 3092 nomina
927 3023 1026 3089 οἰκεῖα
1044 3021 1204 3089 tribuun-

157 3153 224 3225 tur,
260 3145 305 3214 ad
339 3166 418 3213 eam
454 3141 776 3211 dissimilitudinem
812 3137 1058 3207 declarandam
1101 3138 1204 3207 unice

156 3266 377 3350 comparata:
422 3256 539 3349 Ulyssl
574 3254 766 3334 πολύμητις,
802 3250 936 3321 Achilli
975 3247 1080 3325 πόδας
1118 3251 1202 3325 οἶκός.

157 3373 338 3444 Praeterea
362 3397 433 3443 non
459 3394 582 3464 pamm
608 3369 704 3440 valet
729 3368 830 3452 illud,
849 3367 942 3458 quod
970 3366 1027 3435 hic
1053 3365 1204 3457 plurima

155 3486 293 3578 impetu
326 3486 490 3578 quodam,
524 3483 584 3552 ille
618 3482 755 3552 ratione
789 3479 931 3549 conficit
965 3479 1102 3547 omnia:
1146 3477 1203 3546 hic

156 3611 326 3692 tanquam
344 3609 431 3670 aestu
449 3600 593 3691 rapitur,
611 3598 672 3667 ille
689 3597 807 3667 animo
824 3616 963 3685 semper
979 3593 1089 3661 adest.
1122 3592 1203 3674 Quo

156 3715 193 3783 in
223 3737 354 3807 genere
384 3713 441 3782 vel
469 3714 598 3804 primas
626 3718 752 3780 tenent
782 3730 932 3798 eaquae
964 3713 1137 3798 geruntur
1164 3705 1201 3772 in

155 3839 258 3899 antro
273 3830 492 3922 Polyphemi.
518 3886 524 3898 ,
546 3827 634 3909 Quae
648 3834 816 3916 tanquam
834 3821 981 3915 grandia
1003 3842 1044 3889 ac
1067 3819 1202 3910 magni-

158 3945 224 4014 lica
262 3944 424 4037 Longino
458 3941 629 4034 placuisse
675 3939 794 4008 mirari
837 3936 953 4006 soleo:
995 3934 1083 4003 mihi
1118 3956 1201 4003 vero

155 4060 288 4129 atrocia
311 4060 437 4140 forent,
465 4058 500 4125 ni
527 4055 643 4146 aliqua
669 4054 828 4124 subesset
852 4055 915 4119 τοῦ
940 4047 1073 4141 γελοίου
1101 4071 1200 4117 vena.

156 4173 293 4244 Verum
313 4175 390 4254 ista,
408 4173 524 4253 credo,
543 4172 686 4240 omniuo
707 4176 808 4237 erant
829 4165 1054 4258 perhibenda,
1074 4171 1199 4254 utpote

576 4313 591 4350 ‘¹
605 4312 636 4366 11.
649 4314 702 4366 xix.
716 4329 776 4382 2¹9·
