2738 4866
161 355 256 395 rann.
270 356 314 396 xr.
403 332 527 416 Duplam
540 334 681 396 Heroicae
699 336 820 398 Pocseos
833 357 965 419 campas.
1146 336 1209 404 169

212 504 323 572 Porro
350 503 532 596 Longinus
559 504 780 573 hauddubie
807 528 889 574 cum
915 506 957 574 iis
975 506 1114 575 videtur
1131 529 1208 576 sen-

161 619 255 700 sisse,
270 619 328 709 qui
348 620 385 686 in
403 617 523 709 Epicis
539 620 676 709 peccari
694 627 830 710 putant,
841 621 907 688 nisi
922 621 1040 688 omnia
1051 622 1207 712 grandia,

160 733 290 824 ampla,
308 734 501 825 splendida,
519 758 601 804 cum
624 734 789 826 aequabili
808 736 959 827 quodam
979 748 1101 804 tenore
1125 737 1208 805 effe-

160 842 302 918 rantur:
329 850 428 940 quasi
446 872 528 917 vero
546 871 617 917 non
635 849 764 918 habeat
783 848 867 918 Ilias
884 873 1025 940 quoque
1048 873 1129 920 suos
1151 851 1207 930 (ut

160 965 212 1034 ita
225 964 356 1054 dicam)
374 986 542 1046 recessus,
559 965 620 1033 ubi
642 986 706 1054 per
722 965 878 1054 quietem
903 974 940 1032 et
966 965 1205 1034 remissionem

161 1087 286 1169 parant
303 1102 341 1149 se
359 1078 498 1148 Heroes
514 1080 700 1170 admagna
717 1080 926 1170 peragenda.
1185 1158 1193 1165 ,

212 1193 351 1264 Verum
371 1194 552 1262 enimvero
574 1203 656 1262 sunt
673 1215 750 1283 qnae
767 1193 902 1262 faciunt
926 1203 967 1261 ut
991 1195 1035 1263 ad
1055 1195 1206 1287 Longini

160 1310 373 1378 sententiam
392 1309 570 1389 accedam,
588 1309 632 1377 ad
650 1309 718 1377 hoc
736 1308 922 1391 duntaxat,
940 1320 981 1378 ut
998 1312 1206 1379 crediderim

161 1423 359 1493 Homerum
391 1434 495 1493 aetat-e
523 1425 599 1514 jam
634 1423 760 1492 affecta
793 1422 887 1492 hunc
917 1425 1015 1514 quasi
1045 1425 1206 1516 ἐπιλόγον

161 1538 263 1610 Iliadi
295 1562 369 1607 suae
398 1539 609 1629 adjunxisse.
664 1537 752 1620 Quae
783 1539 960 1607 sententia
987 1562 1093 1630 quam
1123 1550 1206 1631 apte

158 1653 308 1742 quadret
338 1653 381 1720 ad
408 1673 450 1720 ea
475 1675 556 1742 quae
583 1673 646 1719 nos
671 1661 755 1719 ante
779 1650 1016 1731 disseruimus,
1038 1652 1154 1731 hodie,
1177 1654 1205 1721 si

159 1766 287 1858 placet,
305 1790 494 1858 exponam,
513 1766 732 1836 Academici.

209 1992 266 2062 Ac
292 1994 683 2086 primum,Odysseian1
709 1996 886 2085 propriam
910 1994 1069 2065 Homero
1096 1998 1207 2065 vindi-

158 2118 242 2179 cant
260 2119 338 2179 turn
360 2103 476 2180 multa
501 2109 665 2180 aliatum
692 2108 780 2178 illud
807 2111 1012 2200 cumprimis
1037 2113 1204 2194 notabile,

158 2227 252 2316 quod
281 2247 323 2294 ea
350 2226 492 2316 penitus
522 2227 566 2294 ab
597 2227 693 2294 omni
725 2234 825 2315 parte
856 2225 993 2295 redolet
1027 2228 1202 2297 heroicam

158 2340 255 2410 illam
273 2341 440 2410 indolem.

208 2455 301 2525 Cum
330 2457 424 2524 eninr
455 2457 551 2525 omni
580 2465 740 2546 tempore
767 2457 836 2523 duo
864 2457 1086 2546 potissimum
1114 2459 1205 2527 exti-

158 2571 268 2639 terint
291 2570 390 2661 quasi
414 2570 529 2661 campi
549 2570 623 2638 sive
649 2571 773 2660 spatia,
792 2570 942 2640 heroicis
962 2580 1046 2661 apta
1068 2573 1205 2639 virtuti-

157 2684 235 2764 bus,
266 2707 416 2776 quorum
451 2685 487 2753 in
521 2685 633 2754 altero
668 2693 903 2754 exerceantur
936 2683 1133 2766 bellatores
1168 2687 1205 2753 in

157 2799 270 2869 altero
307 2801 455 2882 navitae3
499 2800 626 2868 videtis
661 2800 766 2869 rebus
808 2801 859 2868 ita
897 2800 1016 2868 divisis
1057 2800 1204 2868 mirifice

157 2915 368 3005 respondere
386 2915 585 2983 divinorum
610 2915 806 2983 carminum
829 2937 912 3006 par;
942 2914 1092 2983 Iliadem
1112 2914 1204 2983 mili-

156 3031 326 3110 tantibus,
350 3029 557 3122 Odysseiam
588 3031 836 3121 navigantibus
862 3032 913 3099 ita
939 3030 1136 3109 convenire,
1163 3037 1203 3097 ut

157 3145 246 3214 nihil
263 3144 410 3214 felicius.
463 3143 741 3235 Navigationem
760 3152 880 3214 autem
904 3144 1075 3234 ejusmodi
1100 3142 1204 3211 intel-

156 3259 239 3351 ligo,
258 3282 335 3349 quae
360 3281 430 3327 non
452 3257 589 3327 militiae
613 3280 717 3327 causa
741 3258 961 3348 suscipiatur,
980 3258 1049 3326 sed¹
1065 3259 1203 3349 ignotas

155 3375 317 3465 regiones
334 3373 550 3465 explorandi.
587 3373 640 3441 Eo
658 3373 752 3442 enim
768 3394 953 3463 erumpere
971 3371 1061 3441 solet
1079 3375 1203 3464 igneus

154 3489 217 3558 ille
243 3489 412 3558 ferocium
438 3489 634 3556 animorum
660 3489 769 3580 vigor,
798 3489 984 3578 interjecto
1008 3488 1099 3556 forte
1127 3488 1202 3557 lon-

156 3605 255 3696 giore
295 3602 450 3673 bellandi
490 3602 686 3672 intervallo.
761 3603 899 3693 Itaque,
934 3603 1027 3693 quod
1066 3612 1202 3672 veteres

157 3706 277 3788 Graeoi
295 3718 445 3808 Trojano
464 3725 544 3808 post
565 3728 736 3808 tempora,
754 3718 849 3786 idem
868 3717 979 3786 ferme
1001 3719 1092 3808 passi
1119 3728 1202 3787 sunt

157 3834 284 3902 harum
318 3855 457 3924 quoque
493 3833 676 3925 regionum
713 3831 846 3911 incolae,
875 3840 1062 3922 postquam
1093 3835 1201 3903 semel

156 3971 334 4019 sacrorum
361 3947 535 4017 bellorum
562 3957 598 4015 et
625 3947 836 4017 Christianae
862 3946 956 4015 illius
981 3948 1116 4019 militiae
1142 3953 1202 4021 de·

157 4065 361 4132 ferbuerant
396 4064 513 4133 studia
546 4072 583 4132 et
618 4062 768 4132 ardores.
830 4062 963 4131 Enasci
997 4066 1129 4146 statim,
1164 4076 1201 4135 et

157 4177 262 4269 longe
293 4176 434 4266 lateque
469 4177 661 4267 propagari,
699 4198 790 4243 nova
816 4176 976 4265 quaedam
1012 4176 1131 4268 gloriae
1165 4190 1202 4248 et

156 4315 274 4360 rerum
302 4290 582 4360 memorabilium
613 4313 731 4381 seges:
770 4306 918 4380 quarum
951 4315 1088 4360 summa
1115 4302 1200 4371 erat,
