2738 4866
156 341 252 382 eumn.
266 341 312 382 111.
393 318 555 382 Jodtcinm
570 317 606 380 de
620 337 655 380 aa
670 336 704 379 re
719 315 823 400 mayel
832 314 974 378 Pistoris.
1163 313 1207 380 29

156 516 241 562 cum
262 492 307 560 de
331 488 513 582 Rapbaele
535 488 663 581 agitur,
688 488 725 555 in
750 485 820 555 alia
845 485 964 554 omnia
988 490 1086 553 totus
1111 472 1206 551 abitt

157 607 385 700 “oportere”
410 605 471 686 ait,
493 604 566 673 “iis
589 626 670 694 quae
693 602 884 694 pingantur
900 598 1077 669 Poeticum
1098 619 1208 688 quan-

157 725 240 793 dam
259 723 375 792 lucem
392 719 574 812 affulgere,
592 739 707 808 neque
731 717 864 786 nudam
885 716 992 784 modo
1007 713 1208 785 Veritatem

158 839 310 908 servari:
345 837 381 905 id
406 836 503 927 quod
533 836 569 904 in
600 832 863 926 elegantissimo
881 827 1076 924 Ruplne'lis
1106 851 1211 921 opere

158 953 320 1045 quemvis
338 952 442 1021 facile
459 947 772 1042 perspecturum²”
789 947 990 1016 arbitratur.

210 1068 374 1148 Habetis,
396 1064 615 1145 Academici,
645 1063 766 1156 magni
796 1064 861 1131 viri
892 1061 936 1132 de
970 1062 1024 1144 iis,
1058 1085 1208 1153 quorum

159 1184 409 1252 maximalaus
424 1180 528 1250 estin
546 1181 607 1249 illa
624 1186 711 1259 arte,
726 1177 855 1246 claram
874 1199 958 1246 sane
971 1177 1210 1268 disertamque

159 1292 397 1362 sententiam:
419 1314 526 1382 quam
549 1291 642 1372 velis,
668 1298 709 1358 ut
733 1291 785 1359 ita
805 1291 930 1373 dicam,
952 1293 1122 1383 equisque
1145 1313 1209 1382 pro

160 1406 290 1477 nostris
314 1406 480 1475 dimicare
503 1427 609 1474 nemo
629 1407 823 1498 negaverit.
875 1406 972 1489 Quid
995 1410 1091 1478 euim
1114 1407 1211 1478 aliud

161 1533 320 1594 statuere
333 1523 486 1607 videtur,
500 1522 567 1590 nisi
582 1523 785 1592 Romanum
798 1522 899 1592 illum
915 1523 1067 1596 Naturae
1081 1505 1210 1606 amore,

162 1638 324 1732 Belgam,
337 1638 486 1730 propriae
499 1637 696 1729 disciplinae
714 1639 832 1708 studio
846 1637 959 1708 efferri
974 1647 1082 1730 atque
1098 1639 1211 1731 abripi

163 1754 303 1826 solere?
331 1753 439 1823 Illum
454 1775 656 1845 expressam
671 1755 848 1845 quandam
862 1777 994 1836 eorum,
1009 1778 1089 1845 quae
1104 1756 1213 1825 tacita

162 1877 286 1940 mente
299 1870 521 1951 formaverat,
533 1869 651 1938 divina
664 1867 928 1960 pulchritudine
941 1870 1095 1963 effigiem
1108 1871 1212 1940 unice

162 1991 271 2075 atque
283 1983 453 2052 acerrime
465 1981 712 2074 contemplari:
735 1980 844 2052 Hunc
856 1983 990 2053 subitas
1000 1991 1038 2052 et
1049 1965 1213 2052 fortuitas

162 2095 333 2178 eolomm,
348 2097 535 2179 luminum,
549 2098 741 2167 formarum
755 2099 954 2179 varietates,
968 2098 1088 2190 quales
1102 2101 1213 2168 etiam

163 2213 259 2283 inter
284 2211 502 2306 pingendum
527 2215 825 2283 innumeratum
848 2215 960 2284 oculis
987 2222 1066 2284 tum
1095 2213 1213 2284 auimo

165 2337 366 2412 occurrunt,
391 2329 514 2421 rapide
539 2337 580 2399 ac
610 2328 762 2399 feliciter
788 2338 939 2421 captare.
972 2331 1072 2414 ¹Quo
1098 2331 1149 2413 fit,
1173 2337 1214 2399 ut

165 2440 268 2512 Illius
298 2466 405 2535 opera
434 2444 625 2526 intuentes,
654 2445 698 2513 de
724 2467 762 2512 re
792 2468 864 2514 non
890 2445 934 2514 de
960 2445 1095 2538 pictore
1121 2446 1215 2538 eogi-

165 2566 304 2628 temus:
331 2548 481 2629 Hio'sui
513 2581 651 2651 semper
676 2559 876 2644 admoneat,
898 2583 968 2653 qua
990 2561 1036 2630 sit
1061 2560 1213 2641 solertia,

165 2664 236 2765 quo
253 2676 428 2760 acumine,
445 2698 551 2766 quam
570 2675 673 2745 facile
692 2684 880 2775 traetetac
896 2677 1046 2776 refingat
1064 2679 1191 2746 omnia.

164 2821 167 2825 ·
216 2789 324 2874 Quod
350 2792 378 2860 si
403 2814 445 2860 ea
467 2813 608 2882 quoque
633 2792 838 2882 respexeris,
860 2793 941 2883 quae
961 2794 1047 2862 vitio
1074 2793 1215 2889 utrique

166 2891 257 2976 'verti
289 2906 435 2988 soleant,
467 2905 577 2976 Illum
603 2907 704 2976 aiunt
733 2907 844 2976 nobili
871 2907 1035 3000 elatoque
1061 2909 1215 3005 ingenio,

166 3025 229 3093 sed
255 3023 437 3114 aliquanto
463 3023 611 3092 fortasse
636 3023 874 3114 praefractiori,
900 3023 1005 3094 nimis
1031 3025 1216 3116 obtempe-

165 3146 316 3219 rantem,
346 3139 505 3229 quaedam
532 3136 714 3228 reliquisse
738 3139 940 3208 duriuscule
965 3139 1127 3231 appicta:
1153 3137 1216 3231 qui

167 3253 304 3323 seilicet
331 3252 438 3346 longe
464 3252 659 3344 praetulerit
685 3252 739 3322 vel
768 3255 853 3323 artis
875 3265 1051 3346 praecepta
1073 3253 1215 3336 violare,

168 3391 274 3460 quam
292 3368 388 3437 intus
408 3368 503 3459 apud
526 3391 563 3438 se
587 3369 797 3460 excogitatae
814 3369 903 3440 mira
920 3378 1106 3439 venustate
1130 3371 1217 3439 ima-

168 3484 241 3577 gini
264 3505 336 3552 non
362 3483 582 3554 satisfecisse.
635 3481 758 3573 Atque
784 3496 825 3552 ut
851 3507 897 3553 ex
924 3509 996 3554 uno
1023 3485 1125 3576 plura
1149 3486 1217 3554 dis-

169 3605 305 3680 cantur,
335 3599 506 3667 memoria
535 3605 653 3668 vestra
685 3600 864 3689 repetatis,
891 3623 962 3680 oro,
992 3601 1216 3670 notissimum

168 3712 267 3795 illud,
294 3713 389 3804 quod
414 3712 451 3781 in
475 3713 644 3804 palmaria
667 3714 796 3783 summi
825 3714 889 3783 viri
918 3711 1058 3786 tabulaf
1083 3715 1216 3784 nemini

169 3851 241 3898 non
267 3828 373 3897 tironi
405 3826 547 3897 oculum
579 3827 684 3897 laedit.
737 3828 853 3899 Unius
880 3830 1047 3899 videlicet
1072 3830 1217 3921 picturae

171 3941 349 4037 duplicem
377 3942 475 4032 quasi
503 3965 643 4012 scenam
675 3944 834 4028 omavit3
872 3947 922 4015 ita
948 3960 990 4014 ut
1019 3947 1055 4014 in
1086 3949 1218 4017 vertice

171 4059 303 4128 montis
329 4056 404 4126 Dm
432 4055 568 4127 Frmuu
599 4058 777 4133 inaccessa
804 4059 884 4129 luce
911 4062 1081 4131 vestitum
1112 4062 1219 4154 collo·

384 4251 398 4282 θ
412 4244 557 4316 Reynolds,
571 4244 623 4314 Op.
634 4245 682 4298 ti.
695 4263 740 4314 pp.
754 4246 797 4315 67,
808 4244 851 4299 68.

384 4329 392 4359 ¹
410 4329 443 4382 ln
455 4348 486 4384 ea
497 4347 578 4401 quam
589 4338 694 4393 vocant,
706 4331 758 4383 ibe
769 4331 999 4401 liausfipuretion.
