2738 4866
154 318 218 380 104
250 312 382 378 Achillas
396 312 538 387 Heroum,
555 330 614 372 corr
626 309 832 394 cucullatorum
847 307 1008 390 coemptor.
1043 328 1138 391 essu.
1149 327 1201 365 vn.

296 471 322 527 ἒς
332 471 426 542 πηγὸς,
438 464 480 524 ὅθι
492 491 531 523 τοι
543 468 647 536 τέμενος
658 470 747 536 βωμός
758 489 786 521 τε
798 466 890 536 θυήεις.

296 559 330 614 dc
341 555 413 629 ἧρᾶθ
427 556 545 627 ὀγέρων,
558 556 593 610 σὺ
605 555 636 610 δέ
645 557 669 609 ol
681 557 741 609 νόον
752 555 798 608 οὐκ
810 554 961 609 draccum.

297 647 343 698 νῦν
354 642 376 696 δ’
389 642 445 697 ἐπεὶ
457 643 488 697 οὗ
500 641 589 711 νέομαί
598 663 630 712 γε
641 642 723 713 φιλην
735 639 761 696 ἐς
771 639 881 711 πατρίδα
892 642 976 710 γαῖαν,

297 729 440 800 Πατρόκλῳ
449 726 514 798 ἥρωϊ
524 728 604 795 κόμην
615 726 739 795 ὀπάσαιμι
748 726 904 799 φέρεσθαιῑ.

207 899 407 980 Videtisne,
419 897 600 968 Achillem
621 900 705 970 satis
722 899 828 992 longo
846 897 1032 968 intervallo
1054 897 1206 990 separari

157 1016 203 1086 ab
236 1015 383 1086 immani
417 1015 486 1084 isto
515 1038 646 1108 genere
679 1015 901 1098 bellantium,
929 1014 990 1106 qui
1019 1012 1110 1083 nihil
1140 1013 1206 1082 nisi

157 1140 311 1202 mortem
333 1131 516 1221 minasque
540 1132 694 1222 spirant3
716 1132 878 1223 proxime
898 1138 1020 1200 autem
1037 1130 1207 1199 accedere

158 1248 203 1318 ad
221 1270 311 1329 eam,
329 1269 435 1338 quam
459 1269 524 1316 nos
540 1269 611 1315 non
628 1249 679 1316 ita
701 1247 839 1338 pridem
856 1246 1001 1315 rudibus
1024 1253 1207 1336 utcunque

159 1361 261 1432 lineis
295 1360 505 1444 effinximus,
540 1363 732 1455 imaginem
764 1363 863 1454 quasi
897 1368 934 1432 et
966 1358 1054 1430 ἵδεαν
1075 1361 1208 1430 AEtatis

159 1477 353 1550 Heroicae?
415 1477 502 1547 Non
535 1478 594 1547 hic
624 1479 724 1547 deest
758 1500 873 1568 neque
902 1477 1064 1546 militaris
1094 1476 1208 1558 ardor,

159 1591 275 1685 neque
302 1617 402 1664 amor
427 1592 498 1676 ille,
526 1592 632 1685 paulo
656 1594 859 1685 jactantior,
883 1594 1006 1684 patriae
1032 1601 1071 1662 et
1097 1590 1209 1662 Achi-

161 1732 285 1778 vorum
306 1710 434 1801 stirpis,
452 1732 569 1800 neque
588 1709 712 1802 religio
729 1732 898 1801 perquam
917 1708 1108 1790 familiaris,
1126 1732 1208 1800 quae

161 1824 259 1895 Deos
294 1825 506 1908 hominibus,
540 1825 696 1919 singulos
736 1849 839 1917 paene
879 1825 1035 1917 singulis,
1070 1831 1209 1893 tutores

161 1947 270 2032 atque
287 1943 437 2011 comites
453 1942 599 2011 tribuat.

230 2053 430 2125 Statuimus
466 2056 597 2147 itaque,
632 2079 703 2126 non
737 2064 873 2127 temere
912 2080 995 2126 eum
1028 2055 1209 2147 prodiisse,

162 2178 331 2261 tanquam
355 2193 375 2240 e
398 2170 565 2241 rusticani
590 2171 729 2242 officina
747 2172 951 2264 gladiatoris
968 2172 1087 2241 nescio
1110 2170 1210 2261 cujus

163 2284 338 2378 effigiem3
361 2287 422 2356 sed
441 2309 522 2356 cum
540 2297 616 2357 arte
633 2288 819 2378 plusquam
833 2288 1002 2357 Phidiaca
1017 2288 1210 2380 imaginem

162 2400 247 2493 poni
270 2400 375 2494 longe
398 2403 650 2495 augustiorem,
667 2427 773 2495 quam
797 2405 866 2474 fuit
887 2404 949 2473 illa
972 2403 1210 2474 commentitii

163 2515 285 2598 Jovis3
320 2518 538 2609 posterisque
564 2519 602 2587 in
627 2526 799 2589 aeternum
829 2519 920 2589 tradi
951 2542 1033 2589 vera
1063 2529 1102 2589 et
1132 2521 1211 2588 viva

163 2633 379 2705 lineamenta
419 2635 568 2705 heroicae
610 2637 763 2719 virtutis,
806 2635 946 2728 qualem
995 2659 1075 2707 eam
1118 2639 1211 2729 apud

165 2749 307 2822 Graecos
329 2774 409 2822 suos
431 2750 611 2822 Homerus
632 2753 791 2835 credidit,
809 2752 922 2823 voluit
943 2753 1088 2844 quidem
1105 2765 1211 2835 certe,

164 2867 293 2959 vigere.

588 2980 653 3034 ⁸11.
666 2979 739 3035 xxiii
755 2997 814 3047 140.
