2738 4866
159 354 314 395 runnxn.
329 331 639 417 Tehmacht‘fmtucoe
647 333 704 396 ott'o
715 333 944 396 amandando
952 333 1129 398 tuernout.
1141 335 1205 403 197

207 501 292 570 Jam
322 523 368 569 ex
398 501 570 592 prioribus
598 523 737 591 quoque
768 500 865 570 libris
891 499 1069 592 Odysseiae
1092 523 1204 592 pauca

159 617 318 708 quaedam
329 624 490 708 repetere
500 615 698 707 liceat,quae
709 617 834 686 eodem
846 617 1204 709 spectarevideantur.

159 733 329 815 Primum,
358 733 453 825 quod
480 755 587 801 morae
611 733 749 802 tamdiu
771 740 964 802 nectuntur
989 733 1081 802 circa
1103 732 1204 802 Tele-

157 850 324 918 machum
341 850 486 939 ejusque
504 847 672 917 fortunas.
708 847 792 917 Uno
810 849 951 939 quidem
974 850 1003 917 is
1021 847 1202 939 alteroque

157 964 247 1034 libro
265 987 347 1033 cum
365 986 549 1055 procorum
567 972 661 1033 ooetu
680 964 833 1033 rixatur:
852 964 913 1033 sed
931 986 973 1032 ea
990 987 1084 1033 nunc
1097 965 1203 1034 missa

157 1081 336 1162 faciamus,
355 1080 486 1171 quippe
504 1103 584 1170 quae
610 1081 722 1173 magis
747 1080 948 1170 pertineant
972 1081 1016 1149 ad
1035 1079 1202 1149 ultimum

156 1196 260 1265 illum
278 1195 456 1288 Odysseiae
477 1197 575 1287 quasi
601 1203 730 1278 actum,
749 1197 809 1287 qui
832 1204 885 1265 est
909 1197 1032 1287 utique
1058 1197 1101 1266 de
1126 1226 1203 1278 μνη-

156 1311 380 1408 στηροφονίᾳ.
433 1311 528 1381 Illud
552 1312 619 1382 erit
641 1335 661 1380 e
687 1335 724 1380 re
748 1319 877 1394 nostra,
896 1313 925 1381 si
948 1311 1058 1382 semel
1081 1336 1201 1382 mone-

156 1429 283 1510 bimus,
314 1427 434 1497 dedita
461 1450 568 1518 opera
594 1426 715 1519 primis
745 1435 897 1518 quatuor
929 1428 1122 1519 rhapsodiis
1157 1429 1202 1499 de

156 1544 262 1613 rebus
286 1544 487 1613 domesticis
509 1545 587 1635 agi3
615 1543 703 1611 nihil
730 1566 800 1611 non
826 1544 919 1613 intra
943 1544 1095 1634 parietes
1118 1568 1201 1614 oon-

158 1660 273 1741 tineri,
291 1660 364 1729 sive
383 1659 557 1740 Nestoris,
576 1658 648 1727 sive
667 1657 836 1740 Menelai,
850 1659 924 1727 sive
938 1657 1075 1750 Ulyssis
1092 1659 1202 1750 ipsius

158 1784 195 1845 et
211 1774 426 1867 Penelopes:
445 1782 482 1843 et
492 1782 661 1865 tanquam
675 1773 877 1843 Telemachi
888 1774 1007 1865 ipsius,
1021 1775 1072 1842 ita
1083 1772 1203 1865 legen-

158 1892 250 1960 tium
263 1890 524 1982 quodammodo
542 1891 624 1982 angi
641 1889 788 1971 animos,
806 1913 886 1959 cum
907 1912 1024 1959 coram
1048 1889 1202 1957 habeant

159 2007 451 2098 tranquillitatem
479 2006 587 2098 regiae
618 2006 752 2087 domus,
782 2005 948 2099 Ulyssem
977 2006 1135 2098 cogitent
1164 2006 1202 2074 in

158 2124 284 2193 mediis
300 2123 464 2215 periculis
482 2124 620 2193 versari.
665 2121 788 2213 Atque
806 2124 842 2191 in
860 2122 926 2191 hac
943 2131 1043 2213 parte
1061 2123 1201 2215 egregie

113 2300 118 2306 .
158 2240 360 2310 dominatur
393 2239 553 2309 Menelai
586 2237 781 2311 ἐπεισοδίον.
847 2239 928 2321 Quo
962 2237 1066 2321 lecto,
1102 2240 1201 2329 quasi

157 2368 264 2450 gustu
291 2356 474 2448 explorare
502 2356 606 2424 datur
632 2355 785 2423 universi
814 2353 992 2424 Poematis
1022 2355 1200 2425 indolem:

156 2473 349 2565 praesertim
377 2472 438 2540 ubi
465 2494 528 2562 per
554 2478 769 2552 transennas,
797 2471 1001 2540 brevissimo
1032 2473 1201 2562 temporis

157 2597 301 2680 puncto,
318 2594 463 2678 apparet
480 2608 658 2656 summurn
676 2593 713 2654 et
730 2585 927 2677 perfectum
946 2586 1090 2659 otium0.

299 2711 344 2762 σοὶ
355 2707 378 2761 δ’
390 2708 420 2761 ού
433 2706 567 2779 θέσφατόν
579 2710 646 2771 ε’στι,
659 2707 803 2777 Διοτρεφές
814 2706 834 2760 ὦ
847 2706 973 2771 Μενέλαε,

299 2880 368 2933 ἀλλά
380 2879 406 2936 σ’
420 2880 446 2936 ές
456 2879 585 2935 ’Ἠλύσιον
597 2880 685 2934 πεδίον
697 2881 738 2933 καὶ
750 2880 858 2947 πείρατα
869 2879 943 2950 γαίης

299 2965 419 3021 ἀθάνατοι
430 2966 592 3037 πέμψουσιν,
605 2966 646 3020 ὅθι
658 2966 751 3034 ξανθὸς
761 2965 941 3036 Ῥαδάμανθυς·

286 3070 289 3080 ’
299 3058 379 3125 τῇπερ
390 3051 484 3125 ῥηίστη
495 3054 570 3122 βιοτή
582 3054 656 3108 πέλει
667 3052 849 3123 ἀνθρώποισιν·

300 3140 329 3192 ού
341 3142 452 3212 νιφετὸς,
465 3140 517 3194 οὔτ’
531 3141 563 3211 dp
574 3142 670 3211 χειμὼν
681 3140 772 3202 πολύς,
784 3142 843 3192 οὔτε
860 3138 916 3193 ποτ’
930 3137 1036 3209 ὄμβρος,

298 3226 357 3280 ἀλλ’
370 3228 419 3280 αἰεὶ
432 3226 559 3298 Ζεφύροιο
571 3226 763 3298 λιγοπνείοντας
773 3224 851 3292 άήτας

299 3312 419 3370 Ὠκεανὸς
429 3313 540 3381 άνίησιν,
553 3311 700 3383 ἀναψύχειν
712 3312 868 3381 ἀνθρώπους·
923 3358 930 3368 .

290 3398 378 3454 οὕνεκ’
391 3402 460 3470 ἔχεις
469 3399 585 3468 Ἑλένην,
597 3400 640 3452 καί
651 3401 718 3468 σφιν
728 3399 846 3469 γαμβρὸς
858 3401 919 3453 Διός
931 3398 1002 3453 ε’σσι.

158 3499 251 3581 Quae
268 3496 364 3567 haud
381 3499 453 3568 scio
476 3521 521 3567 an
548 3497 661 3567 acrius
679 3496 806 3565 feriant
831 3496 999 3579 animum,
1018 3505 1203 3588 propterea

157 3615 252 3705 quod
281 3614 325 3682 ab
355 3615 397 3683 iis
424 3615 652 3683 continuatur
685 3611 866 3683 oraculum
902 3614 946 3682 de
981 3611 1119 3707 Ulysse,
1150 3615 1202 3681 in-

156 3732 320 3822 quietum
338 3741 463 3801 saneP:

297 3851 342 3904 τδν
353 3848 375 3903 δ’
387 3847 444 3904 ’ίδον
455 3850 483 3903 έν
494 3849 565 3924 νήσῳ
578 3850 688 3920 θαλερὸν
700 3850 764 3903 κατὰ
776 3848 854 3920 δάκρυ
865 3848 967 3920 χέοντα,

298 3935 409 4006 Νύμφης
420 3937 447 3990 ἐν
458 3935 595 4008 μεγάροισι
607 3937 759 4007 Καλυψοῦς,
771 3935 789 4004 ἢ
800 3958 843 4005 μιν
854 3935 948 4006 ἀνάγκη

297 4018 377 4091 ἴσχει·
396 4025 411 4075 ὁ
423 4021 445 4076 δ’
459 4023 489 4076 οὐ
501 4022 605 4077 δύναται
618 4021 648 4091 ἣν
659 4022 771 4093 πατρίδα
782 4025 858 4092 γαῖαν
870 4021 977 4077 ἱκέσθαι·
1029 4089 1030 4092 ¹

298 4109 329 4161 οδ
339 4108 390 4179 γάρ
403 4109 427 4162 οἶ
438 4110 508 4180 πάρα
519 4113 576 4179 νῆες
588 4109 725 4179 ἐπήρετμοι
738 4111 779 4162 καὶ
790 4111 895 4174 ἑταῖροι,

298 4191 324 4247 οἵ
334 4192 375 4247 κέν
386 4216 429 4263 μιν
440 4193 563 4263 πέμποιεν
575 4194 614 4248 ἐπ’
628 4193 702 4265 εὐρέα
714 4201 781 4250 νῶτα
793 4196 938 4263 θαλάσσης.

332 4348 347 4376 ⁰
366 4339 419 4393 Od.
432 4339 467 4394 i'v.
481 4340 542 4406 561.
882 4353 896 4389 n
913 4343 949 4398 iv.
962 4342 1023 4412 556.
