2738 4866
316 1517 711 1602 PRAELECTIO
754 1519 1070 1600 SECUNDA.

165 1986 355 2056 Confirmantur
366 1987 476 2055 ancoris
489 1992 580 2039 nostro
598 1986 629 2039 de
641 1988 753 2040 Poeticoe
769 1987 916 2057 Voluptatis
932 1988 1041 2052 ratione,
1054 1987 1214 2057 assumentis

198 2090 212 2124 c
224 2075 349 2126 communi
355 2091 470 2127 sermone
481 2074 575 2126 ductis.
603 2074 760 2143 Dispicitnr,
771 2074 890 2143 quidsilri
901 2075 964 2128 velit
975 2077 1030 2128 ltoec
1037 2093 1087 2128 voc
1094 2076 1213 2137 Poeseor,

199 2160 371 2228 quotiescum
390 2163 431 2214 vel
446 2179 585 2231 puerorum
603 2163 645 2214 vel
663 2161 824 2213 indoctorum
842 2161 922 2213 dictis
934 2161 1052 2228 factiose
1073 2179 1214 2214 accommo-

197 2245 295 2319 damus.
335 2247 397 2299 lbia
410 2248 498 2314 ferme
517 2254 832 2315 contemnamque
852 2247 945 2298 rustici
963 2246 1099 2298 inscientes
1119 2246 1213 2298 Poesin

198 2331 326 2400 quondam
332 2351 391 2402 prae
402 2351 430 2385 se
433 2333 547 2400 serunt:
565 2343 674 2401 'quorum
681 2333 794 2401 pumero
806 2333 833 2384 in
846 2331 977 2384 admonitu
989 2333 1109 2394 locorum,
1123 2349 1214 2385 secun·

197 2416 256 2470 dum
268 2420 296 2471 in
308 2420 429 2473 memorio
441 2426 607 2482 mortuorum,
620 2420 723 2471 tertiam
740 2419 769 2471 in
786 2418 961 2471 sacrosanctis
978 2419 1145 2486 reliyiooibru
1155 2435 1214 2472 ocr-

197 2509 281 2556 sotor.

255 2741 330 2811 ΟΝ
356 2766 415 2812 me
437 2745 603 2834 praeterit,
623 2742 842 2824 Academici,
859 2741 971 2822 illum,
990 2743 1049 2833 qui
1068 2743 1112 2811 ad
1131 2743 1213 2811 sub-

279 2854 343 2923 tile
360 2856 428 2923 hoc
445 2878 557 2948 genus
579 2855 759 2925 literarum
782 2857 914 2948 aliquid
937 2858 981 2926 de
1003 2880 1066 2925 suo
1089 2856 1212 2926 afferre

161 2972 292 3062 cupiat,
316 2993 443 3062 magno
470 2994 549 3040 cum
578 2968 735 3062 periculo
758 2984 872 3064 agere,
894 2995 940 3041 ne
963 2972 1055 3040 forte
1081 2973 1213 3042 insuia

162 3087 311 3155 nimium
339 3086 404 3156 sibi
433 3086 584 3177 placens,
615 3087 741 3156 eodem
772 3088 876 3179 plane
906 3088 1052 3157 modulo
1083 3089 1213 3170 omnia,

161 3203 388 3291 quantumvis
401 3202 526 3283 aliena,
540 3203 721 3272 metienda
734 3203 934 3273 arbitretur.
976 3203 1115 3294 Itaque,
1129 3227 1211 3273 cum

160 3317 317 3387 maxime
342 3317 430 3386 illud
457 3340 587 3386 munus
606 3317 736 3400 Poetis,
756 3320 895 3409 proprio
922 3320 1020 3409 quasi
1041 3321 1132 3410 jure,
1152 3322 1213 3390 de-

160 3433 298 3514 ferrem,
326 3440 368 3501 ut
400 3442 535 3513 curent,
562 3432 692 3523 nequid
719 3433 923 3502 detrimenti
954 3435 1121 3504 mortales
1156 3459 1213 3505 ca-

161 3547 269 3637 piant,
287 3547 315 3616 si
333 3549 475 3638 quando
492 3556 555 3617 aut
577 3546 692 3616 nolint
716 3556 779 3616 aut
800 3556 978 3637 nequeant
1002 3571 1054 3629 ea,
1074 3572 1150 3639 quae
1174 3551 1211 3618 in

158 3662 262 3730 corde
289 3663 370 3743 sint,
397 3658 515 3752 palam
545 3661 665 3743 effari3
702 3660 947 3754 intelligebam
978 3684 1073 3743 sane,
1102 3685 1209 3752 quam
1261 3713 1263 3717 ψ

159 3776 290 3845 difficili
305 3799 346 3845 ao
364 3775 499 3846 lubrico
513 3778 548 3845 in
567 3777 646 3846 loco
665 3799 830 3846 versarer.
892 3776 1066 3846 Dicebam
1085 3779 1210 3868 utique

159 3899 243 3960 tuno
272 3894 453 3982 temporie,
483 3893 520 3960 id
550 3893 644 3983 quod
673 3893 783 3961 etiam
810 3901 919 3982 atque
948 3893 1058 3960 etiam
1090 3893 1212 3964 admo·
1301 3967 1303 3971 .

157 4007 260 4074 nendi
281 4014 376 4090 sunt,
395 4009 455 4098 qui
473 4031 532 4076 me
552 4008 711 4087 audient,
729 4030 800 4076 non
824 4019 1025 4076 accuratam
1044 4031 1107 4077 nos
1125 4011 1211 4079 artis

157 4121 440 4212 descriptionem,
458 4123 693 4212 omnibusque
710 4124 867 4192 numeris
884 4123 1096 4203 absolutam,
1113 4147 1211 4221 qure-

155 4257 250 4320 rere;
278 4259 394 4327 neque
421 4261 466 4306 ex
493 4259 623 4328 genere
649 4260 690 4305 ac
717 4235 916 4306 differentia
940 4237 995 4324 (ut
1022 4261 1104 4306 eum
1123 4236 1209 4307 Dia-
1292 4304 1296 4309 .
