2738 4866
208 323 252 384 20
349 323 416 402 Quo
431 322 463 386 oi
477 321 516 385 sit
530 321 618 406 apud
630 321 755 385 rusticos
769 318 898 384 locorum
912 319 1093 399 adonira,
1116 343 1212 384 rann.
1224 343 1257 386 n.

208 500 396 584 paupertas
409 493 610 574 edocuerat,
624 493 743 561 omnia
757 491 1017 581 quodammodo
1034 491 1079 560 ad
1096 513 1256 559 normam

209 606 374 677 utilitatis
392 607 577 700 exigenda.

258 722 351 804 Jam,
382 724 509 814 quibus
539 722 684 804 artibus,
715 745 834 792 amore
865 731 1034 812 tanquam
1064 722 1170 812 capti,
1197 722 1259 789 do-

208 838 356 907 mestica
379 838 445 907 sibi
470 840 734 932 peregrinantes
762 839 986 919 adumbrant,
1011 837 1095 928 quid
1118 836 1258 928 longius

209 976 349 1023 narrare
372 954 525 1024 attinet?
578 953 706 1023 Satiari
730 953 968 1023 delectatione
998 976 1069 1022 non
1099 959 1257 1042 possunt,

208 1070 315 1138 modo
339 1068 396 1139 vel
422 1070 698 1139 minutissimum
724 1070 852 1138 nativae
878 1069 969 1138 sedis
994 1066 1175 1160 angulum,
1196 1075 1258 1136 aut

208 1181 383 1251 fumantia
399 1191 554 1272 paternae
571 1184 696 1252 domus
718 1183 873 1253 culmina
893 1183 1015 1274 procul
1042 1205 1079 1252 se
1103 1182 1258 1273 aspicere

210 1299 367 1367 credant.
419 1297 515 1380 Quin
536 1298 580 1368 ab
603 1298 679 1389 ipsa
703 1299 781 1368 coeli
805 1301 949 1391 regione
973 1298 1173 1390 longinquae
1198 1319 1260 1387 pa-

208 1414 285 1482 triae
301 1412 420 1482 locum
446 1421 606 1482 extorres
630 1413 833 1503 conjectura
853 1411 979 1481 saltem
996 1411 1134 1501 assequi
1151 1410 1259 1507 gesti·

210 1533 286 1593 unt.
339 1524 470 1616 Neque
499 1525 594 1595 enim
621 1525 821 1616 pulchriora
854 1534 947 1606 sunt,
977 1546 1082 1614 quarn
1113 1523 1258 1603 veriora,

211 1662 288 1730 quae
320 1641 415 1731 apud
450 1638 631 1710 Scoticum
662 1640 773 1723 illurn,
809 1641 917 1710 divini
949 1640 1038 1708 ruris
1063 1637 1257 1718 alumnum,

211 1748 383 1847 legimus3
412 1778 490 1846 quae
504 1755 628 1825 Graece
641 1765 823 1848 utcunque
837 1778 937 1826 versa
948 1754 1006 1825 hic
1020 1755 1088 1823 loci
1102 1743 1258 1845 proferre

210 1871 305 1941 haud
322 1872 394 1941 scio
415 1894 460 1940 an
485 1895 598 1962 operae
621 1873 667 1941 sit
691 1872 867 1963 pretium:
894 1871 1059 1964 quoniam
1079 1870 1257 1939 Theocriti

209 1983 318 2074 ipsius
335 1984 500 2067 indolem,
515 1994 577 2056 aut
595 1988 735 2056 suavius
752 1985 895 2079 aliquid,
914 1987 1043 2078 spirare
1061 1984 1254 2054 videnturz'

349 2130 438 2185 νυκτὸς
449 2128 488 2182 der
501 2128 614 2201 ζέφυρον
625 2130 815 2202 ποτιδέρκομαι,
829 2130 920 2187 ὄτι-ποτ’
933 2129 959 2188 ἒς
971 2135 1046 2186 eduae

352 2214 478 2284 e’xhlvdqv·
497 2218 527 2270 τό
539 2238 583 2285 μοι
596 2215 658 2271 ἅδυν
670 2215 708 2270 ἐπ’
722 2215 836 2286 ὄμμασιν
847 2215 927 2272 ὕπνον
938 2219 1019 2288 ἔχευε·

349 2302 415 2372 πρὸς
427 2301 540 2372 ζέφυρόν
550 2323 601 2374 γαρ
613 2301 705 2370 τὴλοσ’
718 2301 838 2375 ἀπῴχετο
850 2304 978 2374 φίλτατος
989 2303 1097 2374 ἄνδρων,

350 2384 426 2460 ᾤχετ’
438 2389 492 2451 ἰών,
504 2388 586 2445 πόθος
597 2388 666 2458 ἁμὶν,
678 2387 735 2459 ἐμοὶ
747 2391 788 2443 καὶ
800 2391 872 2445 παιδὶ
883 2389 992 2464 ἆφαύρῳ
1000 2398 1022 2444 ⁰.

211 2507 265 2579 Ut
295 2521 463 2581 sexcenta
493 2512 562 2582 alia
591 2513 767 2593 omittam,
798 2536 844 2582 ex
869 2531 941 2593 una
966 2513 1032 2582 hac
1060 2513 1260 2583 dulcissima

210 2626 387 2696 cantilena
420 2634 498 2696 tota
531 2649 587 2696 res
621 2627 774 2719 intelligi
807 2636 936 2719 potest.
988 2628 1124 2698 Erratis
1154 2631 1259 2708 enim,

210 2742 429 2824 Academici,
443 2743 472 2811 si
490 2743 582 2812 forte
599 2744 817 2812 arbitramini
835 2743 1019 2814 subtiliora
1035 2766 1110 2815 esse
1128 2745 1205 2826 ista,
1224 2753 1261 2814 et

210 2859 372 2927 tenuiore
389 2856 449 2927 filo
468 2859 633 2939 deducta,
651 2877 757 2949 quam
783 2876 847 2950 pro
870 2871 977 2952 captu
1002 2861 1100 2930 ruris
1116 2862 1260 2930 indocti.

212 2973 367 3043 Sanioris
403 2995 479 3043 esse
502 2974 630 3065 judicii
660 2975 850 3056 crederem,
882 2976 990 3065 siquis
1018 2977 1158 3058 dixerit,
1186 2999 1260 3046 rem

211 3089 323 3180 ipsam
354 3086 476 3158 multis
505 3090 661 3179 potuisse
692 3090 728 3158 in
759 3098 915 3160 mentem
946 3092 1078 3173 venire,
1106 3095 1261 3161 carmina

213 3203 312 3283 nulli,
326 3205 391 3273 nisi
411 3205 482 3272 vati
502 3203 681 3295 praeclaro.
711 3204 903 3298 Fingamus
920 3207 1038 3297 igitur,
1056 3230 1131 3276 rem
1149 3208 1261 3299 ipsam

213 3319 341 3394 nostris
358 3317 469 3389 oculis
486 3342 550 3388 nos
567 3342 720 3401 cernere,
734 3329 796 3390 aut
814 3321 931 3404 fando,
946 3322 974 3390 si
992 3344 1047 3391 res
1064 3323 1115 3390 ita
1127 3322 1261 3405 tulerit,

212 3436 343 3516 audire,
368 3432 473 3503 nullis
499 3434 614 3504 adhuc
640 3457 755 3526 neque
781 3437 936 3505 numeris
962 3436 1174 3519 conclusam,
1196 3461 1262 3508 neo

212 3551 399 3619 verborum
418 3548 552 3620 deliciis
575 3551 764 3620 conditam.
819 3551 952 3621 Nonne
975 3553 1084 3622 tacita
1102 3555 1261 3647 quaedam

213 3664 280 3732 erit
308 3661 452 3731 Poesisl
489 3683 606 3730 nonne
635 3662 761 3732 divina
788 3665 872 3733 artis
907 3666 1080 3735 rationem
1114 3689 1155 3738 ac
1190 3670 1262 3738 vim

212 3786 381 3872 agnoscet
394 3777 592 3847 communis
609 3777 683 3845 fere
701 3781 860 3848 omniurn
878 3781 1023 3850 sensus?

282 3982 295 4009 ²
314 3979 332 4002 “
345 3971 358 4025 I
371 3973 435 4026 look
446 3980 475 4026 to
488 3972 533 4025 the
546 3980 610 4024 west
623 3971 700 4024 when
714 3971 726 4024 I
739 3991 788 4042 gae
800 3981 827 4027 to
840 3984 903 4036 rest,

352 4059 423 4112 That
434 4059 524 4130 happy
536 4077 583 4128 my
596 4057 699 4111 dreams
712 4059 765 4113 and
778 4079 823 4132 my
837 4061 969 4114 slumbers
982 4080 1044 4133 may
1056 4062 1105 4115 be:

314 4144 366 4197 For
377 4145 417 4197 far
430 4146 456 4198 in
470 4145 516 4198 the
528 4153 592 4197 west
604 4145 626 4198 is
638 4144 672 4198 he
686 4145 699 4198 l
711 4146 762 4199 lo'e
775 4146 842 4210 best,

353 4230 411 4285 The
422 4231 467 4284 lad
479 4231 537 4284 that
549 4231 571 4282 is
585 4228 648 4283 dear
658 4239 687 4284 to
700 4249 745 4301 my
757 4232 828 4303 baby
840 4233 893 4287 and
906 4235 977 4288 me.''

772 4318 865 4357 Burna’s
875 4320 967 4370 terrers,
979 4321 1019 4361 Nu.
1030 4331 1093 4360 cxrr.
