2738 4866
155 341 253 382 rann.
264 341 298 382 n.
323 318 431 382 amodo
445 319 538 382 etiam
554 320 730 402 coofiruturt‘
744 320 892 384 rationem
906 328 1048 384 murum.
1168 323 1212 384 at

157 496 353 578 nequeunt,
378 490 464 579 quin
489 490 639 559 dicenda
664 512 744 557 cunr
769 489 928 558 tacendis
951 512 1063 581 usque
1087 512 1129 559 eo
1157 497 1214 559 te·

157 627 257 674 mere
275 603 449 686 effutiant,
469 605 552 672 dum
572 612 761 674 aestuantes
778 603 977 693 quieverint
995 605 1112 673 animi.
1152 603 1214 674 Ita

157 740 203 786 ne
220 717 339 787 locum
357 719 502 809 quidem
526 719 742 788 suavissimae
760 717 951 809 disciplinae
974 719 1068 810 apud
1092 741 1129 788 se
1152 726 1212 789 tu-

157 833 377 903 multuantes
403 833 618 925 relinquunt.
672 833 825 924 Exque
851 834 959 903 etiam
980 834 1099 904 videre
1122 834 1210 903 mihi

157 949 288 1030 videor,
314 972 377 1018 cur
403 948 499 1040 plebi
525 949 667 1018 urbanae
694 948 859 1039 pauciora
881 970 957 1018 esse
983 971 1065 1017 cum
1089 948 1213 1019 Poetis

157 1063 374 1146 eommunia,
392 1086 498 1154 quarn
518 1063 667 1144 rusticae,
686 1063 801 1153 quivis
819 1063 960 1132 dixerit.
1004 1062 1080 1132 Illis
1092 1063 1211 1134 minus

158 1186 214 1248 est
231 1179 377 1270 ingenui
394 1179 558 1270 pudorr's3
584 1179 702 1269 utqui
721 1179 758 1247 in
779 1176 859 1247 luce
882 1177 1062 1268 oculisque
1079 1178 1212 1248 multo·

158 1317 237 1362 rum
265 1317 404 1385 semper
429 1295 542 1386 magis
566 1295 638 1362 sint
659 1293 808 1362 versati:
834 1294 954 1384 itaque
980 1294 1097 1362 omnia
1123 1291 1214 1363 libe-

157 1410 231 1479 rius
266 1409 466 1490 effundunt,
501 1433 617 1501 neque
650 1407 775 1490 ullum,
809 1408 976 1501 ambages
1010 1410 1211 1498 quaerend0,

157 1533 301 1616 tempus
319 1512 453 1593 terunt.
956 1520 957 1523 ’

209 1639 294 1708 Sive
311 1639 421 1731 igitur
436 1661 479 1709 ea
495 1637 726 1730 contemplari
746 1637 846 1722 libet,
860 1662 937 1730 quae
954 1639 999 1708 ab
1017 1662 1209 1732 egenorum

158 1754 232 1823 vita
248 1753 435 1823 Musarum
450 1752 592 1822 delicias
610 1777 710 1844 paene
727 1755 922 1845 repudiare,
936 1756 1009 1823 sive
1026 1778 1068 1824 ea
1080 1757 1210 1846 potius„

161 1892 240 1959 quae
257 1869 351 1960 apud
367 1868 433 1937 hos
451 1890 591 1958 quoque
609 1867 763 1937 colorem
781 1869 955 1958 quendam
972 1868 1123 1939 Poeseos
1138 1893 1213 1961 prae

161 2005 199 2052 se
234 1984 327 2052 ferre
358 1984 565 2053 videantur:
602 1991 752 2072 utraque
784 1983 944 2073 profecto
973 1986 1100 2054 nostris
1127 2009 1210 2055 con-

159 2099 338 2168 sentiunt:
366 2122 447 2168 cum
468 2107 620 2190 utraque
636 2099 789 2189 poeticae
806 2099 890 2167 artis
907 2099 944 2167 id
962 2120 1037 2169 esse
1055 2100 1209 2170 officium

158 2215 413 2296 demonstrent,
443 2221 486 2282 ut
520 2214 698 2283 ferventes
729 2206 926 2283 animorum
958 2223 1084 2296 motus,
1112 2214 1211 2286 salvo

159 2330 303 2420 pudore,
322 2329 438 2399 efferri
457 2337 599 2421 queant.

209 2561 316 2644 Quod
334 2568 515 2652 superest3
550 2568 766 2642 conservate,
788 2581 920 2652 precor,
939 2559 1213 2643 Academici,-

158 2676 444 2767 quaudoquidem
482 2677 581 2746 vobis
620 2698 662 2745 ea
696 2699 835 2768 quoque
869 2676 1048 2767 provincia
1080 2699 1210 2769 magua

158 2800 255 2861 certe
273 2813 320 2859 ex
336 2800 438 2883 parte
456 2792 644 2860 commissa
660 2790 933 2873 est-consilio,
944 2791 1115 2873 doctrina,
1127 2816 1209 2862 auc-

158 2907 314 2986 toritate,
336 2906 512 2997 example,
537 2914 753 2989 conservate,
778 2930 848 2987 oro,
875 2929 916 2975 ac
941 2907 1100 2987 tuemini,
1127 2909 1211 2977 sim-

158 3019 288 3111 plicem
309 3020 411 3089 illum
434 3023 646 3091 rusticorum
668 3021 853 3090 hominurn
870 3021 1053 3111 pudorem,
1070 3028 1108 3089 et
1129 3019 1212 3089 reli-

157 3135 293 3226 giosam
323 3137 440 3205 nimiae
474 3136 564 3206 lucis
599 3137 845 3206 formidinem:
885 3159 991 3228 quam
1024 3135 1131 3226 siquis
1161 3158 1208 3205 ex

158 3251 277 3320 animo
304 3252 425 3320 voleus
455 3254 658 3344 perdiderit,
687 3253 760 3321 sive
775 3252 908 3321 insano
939 3251 1051 3320 laudis
1077 3273 1207 3333 amore,

158 3387 219 3434 seu
248 3367 416 3435 doctrinae
443 3351 558 3456 'atque
592 3367 725 3460 ingenii
750 3364 1003 3435 molestissima
1029 3364 1091 3435 illa
1115 3390 1212 3436 arro·

157 3483 378 3572 ganda-seu
404 3505 512 3574 pravo
540 3482 684 3551 fanatici
711 3483 837 3551 erroris
863 3489 969 3550 oestro
998 3505 1207 3572 percussus3

159 3593 262 3663 illum
296 3619 367 3665 non
405 3599 511 3666 modo
546 3596 792 3688 pulcherrimis
829 3597 954 3665 studiis
987 3595 1211 3680 valedixisse,

158 3730 282 3778 verum
301 3713 409 3780 etiam
425 3715 667 3804 gravissimam
686 3713 862 3803 quandam
879 3711 1030 3792 virtutis,
1048 3733 1210 3801 veraeque

158 3824 301 3914 pietatis
335 3825 543 3917 adjutricem
579 3850 600 3895 a
633 3848 671 3896 se
701 3828 892 3896 removisse
926 3828 963 3893 in
995 3831 1207 3915 perpetuum

160 3939 289 4011 sciatis.

209 4052 380 4143 Sequitur
405 4060 447 4122 ut
480 4053 518 4122 in
547 4055 682 4124 caeteris
712 4054 820 4122 etiam
851 4053 995 4134 artibus,
1023 4077 1101 4144 quae
1131 4053 1211 4144 qui-

159 4165 241 4235 dem
265 4165 427 4238 liberales
445 4176 625 4249 vocantur,
644 4169 729 4259 quid
746 4169 792 4238 sit
810 4168 997 4238 Poeticum
1022 4168 1120 4237 brevi
1139 4167 1210 4236 dis-

159 4279 341 4380 piciamus.
402 4282 509 4352 Unde
535 4281 671 4352 facilior
696 4284 823 4352 evadet
850 4284 959 4374 ipsius
983 4281 1136 4353 Poeseos
1169 4282 1208 4350 in

160 4417 239 4472 suas
256 4379 386 4487 partes,
396 4397 448 4466 'ad
465 4398 681 4490 propositam
700 4421 870 4491 normam,
888 4397 1103 4467 distributio.
