2738 4866
146 331 222 417 Ι122
443 332 492 394 Do
507 329 665 394 Homerici
678 329 789 413 Ajccir
802 330 909 395 indole.
1030 352 1202 394 οιιαιωοιι.4

157 495 273 590 Atqui
296 498 380 567 satis
403 496 508 590 longo
525 491 712 582 intervallis
730 519 790 568 ecs
806 520 828 566 a
843 520 883 568 sc
902 498 1069 579 invicem,
1088 499 1200 583 credo,

157 613 369 705 separabunt
396 611 453 682 vel
477 635 519 682 ec
541 611 627 696 sola,
649 635 730 704 quae
753 613 790 682 in
815 613 993 705 proverbii
1021 611 1101 684 lccc
1123 621 1202 685 sunt

159 729 292 815 habita,
311 731 356 799 de
372 730 478 799 armis
495 750 577 797 cum
596 727 733 799 Glauco
751 729 980 799 commutatis
992 724 1030 798 ¹¹:

297 904 348 961 ἔνθ
360 905 419 960 αι’ντε
432 905 536 978 Γλαύκῳ
549 904 674 976 Κρονίδης
685 905 783 975 φρένας
794 905 899 976 ἐξέλετο
912 904 983 968 Ζεύς,

299 988 405 1060 ὅςπρὸς
415 990 537 1058 Τυδείδην
549 988 677 1059 Διομίρδεα
688 989 770 1062 τεύχε’
783 990 882 1059 ἄμειβε,

298 1075 399 1147 χρύσεα
410 1077 546 1148 χαλκείων,
559 1076 703 1147 ἑκατόμβοι’
717 1077 876 1143 ἐννεαβοίων.

159 1235 245 1306 Non
261 1234 374 1326 magis
391 1232 527 1303 Glauco
545 1233 730 1303 consilium
747 1235 891 1316 ademit,
913 1257 1021 1325 quam
1040 1232 1204 1303 Diomedi

158 1349 300 1420 laudem
338 1349 482 1440 ingenui
521 1371 562 1417 ac
605 1347 773 1440 simplicis
812 1349 931 1418 enimi.
1003 1347 1125 1418 Nemo
1163 1350 1205 1418 de

159 1464 302 1536 Achille
319 1463 405 1534 talin
420 1471 622 1533 narrantem
640 1465 759 1546 ferret,
777 1487 822 1533 ne
840 1486 903 1556 per
920 1463 1047 1535 ludum
1065 1464 1206 1556 quidem

159 1591 198 1653 et
208 1583 344 1674 jocum.

226 1695 377 1766 Diversa
409 1697 454 1765 ab
488 1696 647 1786 utrisque
678 1694 882 1788 depingitur
912 1693 1034 1786 Ajccis
1064 1695 1207 1777 indoles,

160 1837 237 1904 quae
260 1820 381 1882 tamen
405 1820 443 1880 et
469 1812 546 1902 ipsc
567 1810 656 1880 nihil
683 1831 756 1880 non
783 1809 938 1881 militare
967 1819 1005 1880 et
1033 1820 1208 1881 castrense

160 1930 284 2021 sapiet.
321 1936 323 1940 ‘
356 1924 514 2018 Apertus
558 1949 600 1996 cc
641 1927 796 1996 directus
836 1948 973 1997 sermo:
1022 1950 1126 1998 mens
1166 1929 1207 1997 ad

161 2045 354 2137 parendum
372 2051 545 2136 prompta,
567 2042 612 2111 cd
630 2045 808 2136 agendum
826 2042 1004 2134 expedite,
1017 2066 1090 2112 ncn
1108 2044 1209 2113 nimis

161 2167 266 2229 acuta
291 2159 335 2229 ad
361 2159 648 2251 excogitandum.
700 2158 836 2230 Videre
858 2157 946 2227 mihi
968 2158 1093 2228 videor
1114 2159 1208 2251 quasi

161 2273 334 2345 famulum
361 2275 546 2345 bonafide
576 2277 789 2345 servientem
815 2275 969 2355 domino,
996 2297 1069 2343 non
1099 2273 1209 2345 laudis

161 2392 285 2484 gratis,
302 2413 374 2460 non
390 2392 574 2463 mercedis.
635 2391 796 2461 Rectene
817 2414 863 2460 cn
880 2411 980 2460 secus
996 2389 1208 2480 imperatum

162 2508 218 2590 sit,
242 2506 331 2575 nihil
354 2516 532 2590 moratum
558 2529 669 2577 unum
693 2507 783 2577 illud
807 2515 917 2590 curat,
935 2529 1040 2576 suum
1063 2529 1209 2599 pensum

161 2622 324 2715 gnaviter
340 2624 495 2713 exsequi.
547 2623 702 2693 Jubetur
723 2623 872 2715 supplex
894 2623 991 2693 adire
1009 2621 1209 2692 Achillem:

162 2762 235 2809 non
259 2744 505 2821 recusatum
533 2739 668 2821 abnuit,
699 2741 736 2808 in
766 2739 834 2808 hcc
864 2737 1043 2808 dissimilis
1070 2740 1211 2808 omnino

164 2853 357 2924 Diomedis.
405 2854 632 2924 Renuentem
660 2853 842 2924 Achillem
870 2860 984 2946 urget,
1015 2854 1210 2925 subrustice

164 2991 247 3039 sane
257 2966 277 3041 ¹.

311 3063 390 3129 ίομεν·
410 3064 441 3117 οὗ
452 3063 502 3135 γάρ
514 3086 558 3134 μοι
571 3064 652 3117 δοκέει
663 3063 755 3133 μύθοιο
767 3063 873 3132 τελευτὴ

312 3150 373 3218 τῇδε
384 3148 408 3221 γ’
422 3150 473 3223 ὁδῷ
487 3150 646 3222 κρανέεσθαι·
665 3150 820 3222 ἀπαγγεῖλαι
832 3150 861 3204 δέ
875 3150 986 3221 τάχιστα

311 3237 362 3308 χρὴ
374 3237 455 3306 μῦθον
467 3240 599 3301 Δαναοῖσι,
614 3238 655 3290 καί
666 3237 712 3290 οὒκ
724 3236 821 3308 ἀγαθόν
832 3259 882 3307 περ
893 3238 976 3302 έοντα,

312 3323 339 3378 οἵ
348 3347 398 3379 τοο
410 3329 453 3380 νῦν
465 3325 535 3378 ἕαται
547 3325 732 3396 ποτιδέγμενοι·
751 3323 830 3395 stirap
841 3323 980 3394 Ἀχιλλεὺς

313 3413 403 3483 ἄγριον
414 3412 442 3465 έν
454 3411 584 3480 στήθεσσι
596 3412 655 3466 θέτο
666 3411 831 3484 μεγαλήτορα
843 3412 931 3482 θυμόν·

314 3501 445 3572 σχέτλιος,
457 3501 516 3554 οὐδὲ
527 3500 710 3570 μετατρέπεται
722 3502 864 3571 φιλότητος
878 3502 995 3570 ἑταίρων,

314 3590 367 3657 τῆς,
380 3583 397 3656 ᾗ
408 3608 452 3656 μιν
462 3587 532 3657 παρὰ
544 3587 635 3655 νηυσὶν
647 3587 746 3657 ἐτίομεν
757 3588 851 3659 ἔξοχον
862 3588 958 3642 ἄλλων·

316 3714 514 3729 ........
534 3675 579 3728 σοὶ
591 3674 614 3728 δ’
627 3675 757 3743 ἄλληκτόν
769 3698 797 3730 τε
809 3677 886 3729 κακόν
897 3698 926 3729 τε

314 3761 394 3830 θυμὸν
406 3760 443 3814 ε’νὶ
455 3758 585 3829 στήθεσσι
598 3761 652 3814 θεοί
664 3760 745 3816 θέσαν
756 3760 839 3817 εἵνεκα
851 3759 942 3829 κούρης

314 3845 375 3915 α’ίης·
395 3849 440 3901 νῦν
452 3845 482 3898 δέ
492 3867 532 3899 τοι
544 3845 608 3900 ἕπτο
619 3849 782 3918 παρίσχομεν
793 3846 863 3918 ἔξοχ’
877 3846 994 3916 ἀρίστας,

315 3936 384 3988 ίίλλα
395 3957 423 3988 τε
434 3933 513 3987 πόλλ’
526 3933 568 3988 ἐπὶ
580 3936 650 4003 τῇσι·
671 3934 706 3988 σὺ
717 3932 740 3988 δ’
752 3933 827 3987 ἵλαον
840 3932 911 3987 ἔνθεο
923 3933 1012 4002 θυμόν.

166 4123 223 4192 En
239 4120 430 4189 militarem
447 4119 601 4189 hominis
619 4119 904 4211 simplicitatem!
930 4118 984 4190 illi
1001 4125 1109 4188 meree
1120 4127 1211 4189 'sunt

165 4236 321 4329 argutiae,
348 4234 475 4324 quibus
501 4233 661 4304 Achilles
692 4243 834 4328 tempus
861 4237 966 4306 terit:
1004 4257 1076 4304 non
1108 4235 1211 4326 capit,

306 4441 321 4479 Κ
341 4441 372 4495 ll.
386 4443 423 4497 vi.
434 4455 494 4512 254,
934 4443 940 4475 ¹
956 4444 992 4498 ix.
1006 4443 1069 4498 621.
