2738 4866
158 317 222 383 106
412 321 480 398 Qua
493 330 587 384 ownia
602 321 693 384 lateat
707 321 763 384 dic
777 321 933 385 Achilles:
1033 345 1129 386 rann.
1140 345 1204 385 vnr.

158 513 227 580 que
262 497 299 558 et
337 490 491 581 ingenio,
529 491 580 559 ita
613 498 734 559 tamen
768 491 981 582 compositis,
1016 499 1059 560 ut
1094 492 1206 583 magis

158 605 349 696 magisque,
383 606 645 695 comparatione
680 605 784 686 facta,
819 606 974 674 emineat
1011 615 1050 673 et
1088 614 1206 674 exstet

158 717 329 788 Achilles,
387 718 525 800 Quibus
560 720 740 800 absolutis,
771 721 815 790 ad
849 720 918 790 alia
952 720 1205 789 transeundum

158 836 236 917 erit,
256 858 320 926 per
340 857 417 924 quae
443 837 637 904 certissime
662 835 830 905 declarari
857 836 972 906 solent
997 859 1206 929 magnorum

159 951 350 1020 Poetarum
368 951 484 1019 studia
501 959 539 1019 et
555 950 768 1020 voluntates.

209 1066 332 1159 Igitur,
351 1076 392 1135 ut
413 1068 457 1136 ab
482 1089 524 1135 ea
547 1076 646 1157 parte
672 1067 848 1158 incipiam,
866 1090 936 1157 qua
957 1066 1045 1135 mihi
1070 1089 1209 1159 semper

158 1184 252 1253 visus
276 1191 330 1251 est
348 1180 528 1250 Homerus
553 1205 752 1272 aequoque
779 1184 893 1274 ipsum
918 1182 1064 1252 consilio
1089 1204 1209 1274 super-

158 1320 253 1366 asse:
282 1304 367 1365 nota
386 1297 463 1386 jam
486 1319 542 1364 res
565 1304 620 1365 est
645 1277 805 1387 pluribus
830 1297 1013 1388 exemplis,
1034 1305 1208 1388 quantum

159 1411 274 1481 valeat
288 1413 332 1481 ad
344 1412 479 1480 animos
491 1434 561 1502 quo
572 1411 650 1502 quis
661 1411 748 1479 velit
760 1411 926 1504 agendos,
938 1420 979 1480 ut
990 1411 1208 1502 aliquamdiu

159 1549 325 1619 suspensa
349 1534 514 1596 teneatur
539 1526 752 1617 expectatio,
776 1524 912 1595 latente
933 1526 1207 1616 quodammodo,

158 1648 196 1710 et
231 1640 330 1730 quasi
365 1664 428 1732 per
468 1649 693 1710 transennam
735 1649 878 1731 aspecto
916 1664 969 1722 eo,
1004 1642 1063 1710 cui
1097 1641 1208 1710 totius

160 1753 302 1824 Fabulae
339 1757 512 1847 primariae
550 1764 667 1847 partes
701 1757 931 1848 assignentur.
1001 1754 1122 1846 Hujus
1158 1756 1208 1823 rei

159 1868 231 1936 vim
256 1870 390 1961 optime
416 1868 569 1939 callebat
599 1868 879 1962 elegantissimus
907 1869 968 1938 ille
997 1878 1207 1950 nostratum,

160 1983 380 2075 Spenserus:
428 1985 488 2074 qui
527 1993 715 2075 postquam
754 1986 846 2076 apud
890 2006 928 2053 se
971 1986 1208 2077 excogitasset

159 2097 344 2181 Arturum,
379 2101 576 2191 perfeetum
611 2101 826 2192 magnanimi
860 2099 977 2170 herois
1015 2100 1207 2192 exemplar,

158 2214 209 2283 ita
225 2214 348 2284 retulit
365 2217 408 2284 ad
426 2239 509 2285 eum
528 2217 655 2297 omnia,
673 2224 715 2284 ut
732 2215 848 2306 ipsum
866 2224 987 2286 tamen
1007 2217 1044 2285 in
1066 2240 1207 2287 scenam

159 2329 319 2399 mitteret
353 2353 459 2420 quam
498 2331 710 2420 parcissime,
750 2330 962 2423 longissimis
1002 2331 1206 2402 intervallis.

159 2444 351 2524 Nimirum,
383 2469 464 2514 cnm
493 2446 586 2536 apud
612 2446 788 2515 Arturum
820 2456 948 2517 cuncta
977 2448 1091 2518 ferme
1125 2454 1207 2518 sunt

158 2561 286 2641 divina,
322 2571 400 2629 tum
435 2561 522 2630 illud
558 2585 709 2653 quoque,
746 2561 903 2633 Deorum
937 2564 1095 2633 maxime
1129 2587 1207 2655 pro-

158 2678 283 2768 prium,
302 2678 395 2767 qnod
416 2700 597 2768 nunquam
615 2678 675 2747 ille
693 2679 833 2769 prodire
854 2679 975 2760 soleat,
993 2679 1059 2749 nisi
1078 2679 1204 2772 dignus

158 2793 297 2862 vindice
314 2793 428 2861 nodus
449 2793 622 2863 inciderit.
676 2793 800 2863 Unum
824 2795 891 2863 hoo
914 2794 1042 2866 merito
1066 2795 1205 2876 doleas;

157 2908 370 2977 intervenire
392 2907 494 2976 illum
518 2908 728 3000 plerumque
752 2910 1003 3006 laborantibus,
1026 2911 1102 3001 ipso
1127 2912 1206 2980 vitae

157 3047 199 3093 ac
224 3022 347 3092 mortis
373 3023 531 3106 articulo,
558 3048 629 3094 non
656 3048 773 3094 rerum
800 3026 889 3095 serie
915 3025 1120 3103 adductum,
1146 3023 1205 3094 sed

158 3140 250 3209 forte
276 3140 426 3229 quadarn
458 3140 609 3210 fortuna.
672 3141 776 3223 Quod
808 3149 870 3210 aut
900 3140 1099 3209 festinantis
1132 3151 1206 3209 erat

157 3255 295 3336 calami,
320 3263 382 3323 aut
410 3256 643 3337 dormitantis,
672 3266 713 3325 ut
744 3257 795 3337 iit,
826 3255 980 3347 ingenii:
1012 3256 1204 3346 praesertim

156 3369 269 3439 sicubi
297 3369 407 3437 nimia
434 3369 603 3438 facilitate
636 3373 728 3461 (quae
757 3379 832 3439 erat
860 3369 1025 3461 Spenseri
1053 3368 1203 3456 indoles)

156 3492 211 3554 sat
232 3484 358 3554 habuit
379 3486 506 3553 sectari
524 3483 719 3566 Ariostum,
742 3492 951 3576 veteresque
974 3485 1053 3554 illos
1072 3483 1204 3553 Italicae

158 3601 310 3671 Poeseos
339 3609 510 3669 auctores.
568 3599 704 3670 Omnes
730 3602 860 3692 quippe
888 3599 1057 3670 Ovidium
1088 3600 1204 3691 potius

157 3739 264 3806 quam
288 3715 486 3785 Homerum
511 3714 709 3785 fabularum
732 3739 863 3808 genere
885 3716 1108 3808 exprimunt:
1136 3737 1205 3783 non

157 3857 371 3929 magnopere
413 3834 548 3905 scilicet
583 3835 628 3903 de
663 3835 977 3915 verisimilitudine,
1012 3856 1130 3924 neque
1163 3834 1204 3905 de

158 3973 275 4020 rerum
302 3952 438 4021 ratione
463 3949 676 4033 laborantes,
697 3953 803 4021 modo
829 3973 893 4042 per
918 3959 1084 4042 portenta
1113 3948 1205 4020 subi-

157 4075 283 4158 tosque
317 4089 417 4136 casus
446 4067 605 4136 detinere
636 4065 776 4136 valeant
808 4067 943 4136 animos
976 4065 1013 4133 in
1042 4087 1203 4156 praesens.

158 4180 231 4252 sec
248 4183 342 4251 enim
361 4181 555 4274 Spenserus
571 4182 646 4274 ipse
665 4190 829 4265 testatur,
847 4182 882 4250 id
900 4182 966 4251 sibi
984 4181 1204 4273 propositum

158 4298 273 4380 fuisse,
297 4307 337 4366 ut
361 4321 501 4390 semper
525 4299 623 4388 quasi
654 4297 805 4388 digitum
834 4297 870 4365 in
897 4318 1009 4366 unum
1027 4293 1202 4367 Artururn
