2738 4866
166 339 257 379 rann.
271 339 338 379 xvi.
398 318 529 380 Tradita
544 317 580 381 da
595 340 626 382 ιο
640 319 795 382 convenire
809 339 876 380 οιιιιι
891 315 1086 381 amicitas.
1147 317 1212 386 269

164 488 262 556 nobis
297 487 334 555 in
373 487 441 557 hoc
475 496 685 581 argumento
719 510 933 580 magnopere
968 486 1210 558 laborandum.

165 602 286 671 Fuerit
320 603 508 684 Homerus,
527 603 636 692 juxta
663 602 899 683 Herodotum,
928 624 1000 670 uno
1026 602 1210 692 alteroque

163 718 289 788 saeculo
323 720 496 809 posterior
528 718 681 799 Troicis;
720 717 883 797 fueritne,
918 718 1010 785 sicut
1045 718 1210 807 conjiciat

161 833 286 923 aliquis
320 857 366 902 ex
400 834 510 925 ipsius
544 834 738 902 carminum
774 840 907 911 tenore,
940 830 1209 900 Heraclidarum

162 947 315 1037 aqualis.
347 947 403 1016 vel
431 950 540 1018 etiam
571 948 612 1018 iis
643 948 816 1017 anterior:
856 947 985 1015 vixisse
1012 968 1093 1016 eum
1126 948 1209 1016 satis

160 1072 299 1144 constat
316 1064 410 1132 inter
426 1065 518 1154 ipsas
531 1064 600 1132 aevi
612 1064 750 1154 Trojani
770 1064 944 1154 reliquias,
960 1086 1030 1153 quo
1049 1071 1209 1154 tempore

160 1179 273 1248 forma
293 1201 334 1247 ao
353 1179 442 1247 facie
464 1179 656 1248 manebant
675 1179 758 1269 jura
780 1201 821 1247 ac
844 1177 1032 1269 religiones
1049 1178 1208 1260 heroum,

161 1301 300 1362 tanturn
322 1316 391 1362 non
420 1302 611 1363 evanuerat
637 1294 748 1362 virtus
773 1294 928 1383 ipsorum
951 1301 1058 1384 atque
1079 1294 1207 1363 anima.

162 1405 255 1475 Fieri
282 1409 403 1497 itaque
434 1409 563 1500 potuit,
593 1414 635 1475 ut
664 1407 728 1476 aevi
759 1407 860 1476 istius
894 1429 1023 1499 magno
1055 1407 1207 1497 quodam

161 1522 333 1592 desiderio
347 1523 511 1612 percitus
530 1522 684 1591 carmine
696 1520 822 1591 saltem
840 1521 962 1590 laudes
975 1523 1060 1611 ejus,
1075 1543 1207 1612 suaque

160 1638 278 1707 studia
311 1637 348 1706 in
383 1638 528 1731 longum
563 1645 783 1729 propagaret.
849 1635 905 1704 En
932 1637 1031 1706 vobis
1065 1638 1207 1704 initium

160 1761 268 1844 atque
294 1753 442 1848 ἀφορμὴ,
470 1752 526 1834 (ut
551 1753 602 1821 ita
628 1752 757 1843 dicam)
780 1750 889 1818 divini
913 1750 1095 1840 utriusque
1119 1750 1208 1819 Poe-

160 1866 276 1935 matis.

211 1980 397 2050 Hactenus
421 1983 466 2050 de
493 1981 642 2051 Homeri
663 1990 834 2073 tempore.
886 1979 1096 2070 Pauperiem
1120 1981 1206 2071 ejus,

160 2098 370 2179 caecitatem,
399 2120 542 2178 errores,
572 2098 728 2165 maxime
757 2096 890 2165 circum
920 2118 997 2164 oras
1025 2094 1136 2188 AEgaei
1169 2104 1207 2165 et

161 2212 271 2282 ionici
298 2213 413 2294 maris,
440 2219 618 2281 testantur
645 2234 726 2301 quae
756 2233 869 2302 pauca
893 2209 1004 2278 veluti
1034 2210 1208 2303 fragmina

160 2326 383 2419 popularium
403 2328 447 2397 de
466 2351 508 2396 eo
531 2349 713 2396 rumorum
735 2327 887 2395 servavit
914 2324 1016 2394 nobis
1037 2324 1094 2393 vel
1114 2324 1209 2394 Pau-

161 2444 273 2512 sanias
296 2443 351 2512 vel
376 2453 501 2513 auctor
524 2443 632 2534 ipsius
656 2443 737 2511 vitae
762 2442 827 2511 sub
850 2439 1026 2510 Herodoti
1053 2440 1206 2508 nomine.

161 2557 313 2650 Insignis
324 2567 378 2628 est
388 2559 464 2650 ejus
477 2558 571 2650 apud
584 2558 793 2627 Pausaniam
806 2557 891 2638 laus,
905 2564 1091 2647 propterea
1101 2556 1205 2645 quod,

160 2673 353 2742 multorum
389 2672 578 2754 dissimilis,
612 2672 765 2741 noluerit
804 2671 913 2764 regali
952 2678 1101 2761 patrono
1139 2670 1204 2738 uti.

161 2788 354 2880 Postquam
373 2792 467 2858 enim
485 2790 577 2858 bene
594 2788 726 2857 multos
740 2789 992 2866 nominaverat,
1005 2784 1065 2875 qui
1077 2783 1205 2874 singuli

160 2927 242 2974 cum
266 2906 481 2998 principibus
499 2906 581 2974 viris
599 2904 773 2984 vixerunt,
793 2900 965 2982 Ἡσίοδος,
984 2896 1131 2991 inquitl,
1152 2899 1204 2967 καὶ

153 3019 332 3115 Ὅμηροςῆ
350 3020 568 3111 συγγενέσθαι
583 3020 777 3105 βασιλεῦσιν
795 3017 961 3111 ἠτύχησαν
979 3014 1062 3096 irai
1080 3015 1207 3088 έκοντες

158 3136 385 3230 ὠλιγώρησαν·
412 3136 430 3202 ὁ
458 3132 517 3215 μέν
543 3133 695 3228 ἆγροέκιᾳ
717 3130 768 3199 καὶ
798 3130 876 3218 όκνῳ
900 3129 1035 3211 πλάνης·
1055 3127 1206 3223 Ὄμηρος

160 3247 194 3318 δέ
221 3250 434 3331 ἀποδημήσας
464 3247 517 3317 έπὶ
543 3247 766 3342 μακρότατον,
791 3245 844 3314 καὶ
870 3247 928 3326 τὴν
953 3245 1115 3341 ω’φελεέαν
1140 3248 1205 3312 τῶν

159 3360 338 3457 χρημάτων
361 3358 453 3457 παρὰ
475 3365 540 3430 τῶν
562 3358 712 3442 δυνατῶν,
732 3359 874 3454 ὑστέραν
892 3358 1020 3439 θέμενος
1037 3365 1095 3437 τῆς
1112 3353 1204 3452 παρὰ

159 3487 229 3552 τοῖς
251 3485 393 3552 πολλοῖς
416 3473 519 3568 δόξης·
550 3477 618 3545 ἔπει
644 3475 696 3543 καὶ
720 3474 859 3568 Ὁμηρῷ
879 3472 1079 3553 πεποιημένα
1103 3472 1204 3551 ἐστιν,

158 3588 321 3679 Ἀλκινόῳ
338 3601 485 3686 παρεῖναι
505 3588 707 3671 Δημοδόκον,
724 3588 776 3656 καὶ
798 3590 838 3662 ὡς
855 3586 1074 3677 Ἀγαμέμνων
1097 3612 1205 3676 παρα·

159 3706 269 3775 λα’ποι
282 3736 357 3775 τινα
369 3703 461 3800 παρὰ
474 3711 517 3797 τῇ
530 3704 652 3796 γυναικὶ
667 3706 816 3783 ποιῆτην.
845 3701 997 3771 Habetis
1011 3699 1204 3792 egregium,

160 3822 197 3889 ni
221 3820 332 3903 fallor,
353 3824 616 3902 documentum,
639 3842 710 3887 uon
735 3818 813 3886 dico
838 3815 1040 3884 Homericae
1065 3811 1202 3890 indolis

160 3937 221 4006 scd
252 3936 328 4026 ejus
358 3944 454 4004 certe
489 3934 672 4024 opinionis,
702 3955 781 4022 quae
806 3932 851 4000 de
876 3929 1026 3999 Homeri
1055 3928 1129 3997 vita
1161 3951 1202 3996 ac

157 4050 315 4119 moribus
350 4048 550 4140 percrebuit
583 4049 676 4140 apud
715 4046 900 4138 populares
941 4065 1032 4112 suos.
1100 4041 1124 4111 J
1127 4044 1203 4111 udi-

159 4175 242 4234 cent
272 4165 385 4257 periti,
417 4186 460 4232 an
494 4163 570 4242 ἧθος
601 4161 856 4253 ejusdemmodi
891 4161 1027 4251 sapiant
1058 4159 1081 4226 ii
1111 4181 1202 4249 prae·

421 4307 432 4338 ¹¹
450 4308 531 4362 Attio.
544 4326 568 4362 c.
580 4324 604 4362 τ.
618 4326 644 4378 p.
655 4307 680 4360 6.
694 4306 735 4360 ed.
751 4305 843 4359 Kubn.
860 4303 936 4374 1696.
