2738 4866
226 334 247 393 4
530 333 646 397 Densa
660 334 792 419 La‘rapuoe
805 335 930 398 Latium
1012 382 1015 388 -
1142 291 1280 440 muni..

226 504 392 597 vigilatur
408 504 583 596 periculis,
601 505 665 574 hos
690 516 814 575 contra
830 506 949 575 hostes
975 503 1134 573 excubiae
1153 527 1271 596 agun-

225 629 294 701 tur,
321 643 362 690 ac
388 642 511 689 vereor
535 620 700 709 equidem
726 643 772 689 ne
797 621 940 701 diutius,
967 628 1130 709 serpente
1156 603 1305 687 indies·

224 733 329 815 malo,
347 734 417 802 sint
440 735 595 825 agendae.
650 733 744 825 Ergo
762 757 841 802 cum
862 734 907 802 de
925 734 1056 812 otiqac
1074 732 1290 823 trar'rquilli-'

225 858 310 930 tate,
319 848 515 939 justissimo
529 849 650 917 aetemi
662 847 824 918 Vindicis
832 849 979 938 judicio,
993 870 1133 938 prorsus
1146 834 1270 938 despe-

224 965 380 1032 randum·
393 985 469 1032 esse
489 963 660 1045 videatur,
681 964 790 1032 nostri
810 972 929 1031 tamen
954 961 1058 1032 officii
1081 962 1158 1039 erit,
1176 963 1270 1030 inter

223 1079 365 1170 negotia
386 1101 427 1146 ac
451 1078 664 1159 formidines,
683 1101 815 1159 curare,
833 1078 962 1168 nequid
987 1077 1128 1167 ignavia
1149 1085 1270 1145 nostra
1307 1091 1311 1096 ’

224 1203 391 1284 peccetur
429 1194 465 1261 in
501 1193 631 1261 famam
659 1191 872 1273 Academiae,
908 1193 1088 1280 bonasque
1127 1191 1268 1261 literas:

223 1317 350 1377 vestrae
376 1309 444 1377 erit
466 1306 704 1398 indulgentiae,
726 1302 1038 1398 siquid'errabitur
1059 1303 1192 1395 (qualia
1214 1318 1269 1375 sat

223 1421 296 1490 scio
331 1422 515 1490 innumera
552 1420 656 1509 fore),
683 1421 720 1489 id
754 1429 955 1510 temporum
989 1420 1108 1509 potius
1142 1419 1270 1509 iniqui-

222 1537 301 1617 tati,
326 1546 523 1626 nostraeque
557 1536 805 1617 mediocritati,
838 1557 946 1624 quam
980 1533 1206 1626 negligentiae
1232 1543 1269 1603 et

223 1651 389 1719 socordiae
406 1649 572 1720 tribuere.
910 1661 912 1665 '
1161 1731 1165 1736 ,

273 1764 377 1847 Quod
396 1765 424 1834 si
441 1766 471 1834 is
488 1764 592 1856 plane
609 1764 733 1845 forem,
751 1787 857 1854 quem
878 1786 954 1833 esse
973 1765 1127 1846 deceret,
1144 1765 1204 1854 qni
1223 1788 1268 1833 ex

222 1881 400 1971 superiore
429 1880 508 1949 loco
538 1903 597 1950 vos
624 1879 872 1974 alloqueretur,
900 1901 972 1947 non
999 1879 1164 1969 equidem
1188 1879 1268 1948 ideo

221 1995 468 2087 refugiendum
486 1996 658 2076 duxerim,
676 1996 768 2084 quod
788 1993 923 2063 scilicet
941 1994 1057 2061 minus
1077 1994 1169 2061 bene
1186 2017 1270 2063 con-

223 2109 352 2188 veniat,
371 2107 593 2199 periclitante
610 2107 802 2198 republica,
820 2109 857 2175 in
875 2107 993 2176 studia
1007 2106 1199 2176 Poetarum
1216 2109 1269 2176 in-

222 2225 409 2294 cumbere:
436 2226 566 2315 quippe
589 2224 649 2314 qui
667 2222 754 2291 nihil
776 2223 831 2292 his
852 2223 977 2292 studiis
1001 2223 1177 2293 efficacius
1194 2247 1269 2292 cre-

222 2340 303 2408 dam
327 2339 371 2407 ad
395 2319 491 2408 cives
513 2339 609 2407 omni
633 2340 765 2407 virtute
788 2339 984 2418 armandos,
1005 2337 1093 2406 nihil
1115 2338 1267 2406 vicissim

222 2456 266 2524 ad
284 2455 359 2523 haec
375 2454 506 2534 utilius,
528 2476 634 2544 quam
652 2455 681 2522 si
695 2455 784 2544 quis,
802 2455 855 2522 sui
873 2453 1017 2535 oblitus,
1033 2453 1155 2544 patriae
1172 2452 1269 2522 labo-

221 2572 331 2639 rantis
365 2593 470 2639 causa
499 2579 681 2665 strenuum
712 2578 819 2660 atque
847 2569 1061 2638 indefessum
1090 2590 1127 2637 se
1156 2578 1268 2660 gerat.

223 2663 361 2754 Verum
382 2707 488 2775 quam
515 2692 612 2753 arcta
634 2683 804 2752 societate
828 2684 922 2751 inter
944 2704 981 2751 se
1009 2682 1270 2772 conjungantur

221 2797 303 2868 hinc
327 2801 417 2869 vatis
442 2799 584 2892 egregii,
605 2798 703 2867 illine
726 2798 826 2867 fortis
852 2798 1006 2887 bonique
1032 2797 1117 2865 civis
1143 2797 1268 2878 officia,

221 2913 310 2982 alius
327 2914 473 2983 fortasse
487 2914 678 2983 disserendi
692 2913 790 2983 locus
807 2913 885 2981 erit.
926 2911 1036 2980 Nunc
1053 2934 1145 2979 unus
1158 2913 1267 2982 etiam

222 3029 309 3097 mihi
332 3027 516 3119 scrupulus
539 3029 704 3119 injicitur,
722 3052 829 3118 quem
848 3037 1037 3119 postquam
1055 3050 1118 3118 pro
1136 3028 1269 3098 viribus

222 3143 384 3224 evellere,
402 3166 476 3211 rem
494 3144 606 3233 ipsam
623 3144 744 3234 paucis
761 3145 915 3236 aggredi,
933 3144 1114 3234 nostrique
1133 3144 1268 3213 consilii

222 3281 396 3328 summam
416 3280 604 3349 exponere,
621 3257 754 3327 licebit.

282 3604 490 3696 Complures
523 3605 591 3674 hoc
625 3613 786 3696 tempore
820 3628 896 3675 esse
931 3604 1104 3697 intellige,
1135 3607 1195 3695 qui
1231 3629 1269 3676 se

221 3723 357 3791 nescire
375 3723 506 3805 dicant,
524 3746 587 3791 cur
606 3722 699 3791 intra
719 3721 783 3790 hos
807 3721 959 3813 parietes
977 3721 1106 3790 Latine
1126 3730 1269 3791 tantum

220 3859 383 3926 perorare
400 3838 452 3908 fas
470 3839 536 3920 sit;
563 3837 608 3906 de
628 3861 672 3906 ea
690 3860 729 3905 re
749 3837 943 3928 praesertim
966 3837 1172 3927 disputanti,
1191 3860 1269 3927 quae

222 3973 267 4020 ex
284 3954 417 4022 intimis
439 3953 547 4022 animi
568 3954 726 4026 sensibus
750 3953 891 4034 oriatur,
911 3962 948 4021 et
971 3953 1008 4021 in
1032 3953 1269 4023 minutissima

221 4091 360 4159 quaque
390 4092 430 4138 ac
460 4069 708 4138 delicatissima
733 4091 851 4137 rerum
877 4091 917 4136 ac
944 4068 1129 4137 verborum
1158 4070 1270 4138 varie-

124 4225 128 4232 ·
221 4195 297 4255 tate
315 4192 494 4254 versetur:
520 4207 625 4274 quam
644 4184 733 4252 adeo
750 4206 795 4253 ne
813 4184 926 4274 patrio
944 4183 1087 4273 quidem
1107 4204 1269 4254 sermone

221 4298 374 4369 dilucide
405 4299 489 4368 satis
523 4298 690 4389 explicari
721 4320 823 4388 posse
856 4306 1054 4367 autumant.
1112 4297 1268 4368 Inveniri
