2738 4866
202 305 224 364 8
493 304 547 388 De=
554 305 672 369 ratione
685 305 820 370 matacrei
833 307 939 392 wasia.
1121 330 1217 370 rnen.
1230 331 1252 370 1.

205 495 276 541 non
312 482 413 542 vetus
448 482 555 565 atque
589 457 740 566 simplex
774 478 811 545 in
845 477 1065 546 sanctissima
1098 499 1136 546 re
1171 500 1251 568 pro-

205 588 348 657 feratur.
680 667 683 672 ,

255 703 361 786 Quod
377 706 406 774 si
423 706 480 774 cui
503 712 663 776 nostrum
680 705 869 796 aliquando
886 708 1075 798 contigerit
1092 706 1251 776 feliciora

203 821 363 910 quaedam
394 821 460 890 sibi
490 821 722 914 excogitasse,
751 829 789 890 et
819 845 896 912 quae
926 822 983 891 vel
1017 823 1062 891 ab
1096 823 1250 892 indoctis

203 935 316 1003 audiri
350 934 453 1007 valde
486 936 659 1005 bonarum
696 934 879 1012 literarum
914 937 1125 1018 interfuerit,
1159 937 1249 1006 nihil

203 1059 301 1126 vetat
335 1073 378 1120 ea
410 1041 607 1120 vernaculis
645 1051 766 1130 etiam,
800 1060 906 1142 prout
940 1052 1015 1143 ipsa
1053 1074 1108 1122 res
1145 1053 1248 1136 feret,

112 1179 134 1195 ²
202 1163 396 1234 solenniter
422 1167 560 1263 duceri:
586 1167 638 1235 ita
661 1174 783 1235 tamen
809 1174 849 1234 ut
872 1187 1010 1236 summa
1027 1189 1174 1256 quaeque
1194 1189 1249 1235 re-

201 1277 342 1370 ligione,
357 1279 483 1378 sobrie
508 1288 616 1370 atque
645 1302 776 1362 severe,
804 1288 965 1372 agantur.
1017 1280 1076 1350 Ita
1102 1282 1247 1350 demum

28 1473 32 1481 .
200 1395 296 1464 salva
322 1403 426 1464 erunt
455 1396 593 1478 omnia3
636 1378 772 1465 Latinis
799 1397 959 1465 mauebit
985 1419 1047 1466 sua
1074 1420 1248 1490 praeroga-

201 1509 284 1589 tiva,
305 1509 510 1579 Academiae
535 1532 599 1578 sua
626 1511 789 1603 dignitas
811 1533 927 1601 neque
957 1519 1076 1579 tamen
1102 1510 1175 1580 ulla
1201 1535 1247 1582 ex

200 1631 300 1714 parte
318 1625 613 1715 praestantissimis
630 1625 756 1694 studiis
778 1625 841 1694 liet
857 1625 996 1714 injuria.

250 1969 342 2042 Haec
364 1971 483 2054 habui,
507 1997 584 2063 quae
606 1974 644 2041 iu
668 1975 896 2043 vexatissima
918 1975 1109 2064 quaestione
1136 1974 1247 2042 semel

200 2082 359 2173 dicenda,
377 2081 596 2165 Academici,
615 2094 788 2174 putarem.
825 2085 920 2167 Jam,
938 2109 1007 2177 qua
1024 2086 1246 2176 potissimum

198 2209 299 2289 parte
333 2222 498 2290 campum
533 2198 634 2267 illum
665 2200 844 2269 inlinitum
873 2201 1024 2271 Poeseos
1059 2204 1094 2270 in
1126 2204 1247 2273 animo
1303 2289 1305 2293 Α

198 2316 245 2385 sit
262 2324 409 2396 tentare,
423 2338 529 2406 quam
547 2323 672 2407 potero
689 2315 891 2405 planissime
909 2340 1095 2407 exponam.
1139 2319 1247 2400 Quod

198 2430 259 2499 ubi
289 2431 388 2499 vobis
417 2431 713 2512 demonstravero,
743 2431 780 2498 id
812 2439 908 2500 certe
944 2434 1028 2501 satis
1058 2435 1246 2516 constabit,

198 2568 267 2614 uon
300 2569 342 2614 eo
369 2569 433 2615 nos
462 2545 608 2615 consilio
638 2546 772 2616 Latinis
802 2548 1023 2638 patrocinari,
1054 2558 1095 2617 ut
1123 2558 1246 2619 nostro

102 2713 105 2721 .
198 2661 333 2730 scilicet
359 2661 469 2730 labori
495 2668 668 2750 parcatur.
720 2659 864 2730 Etenim
891 2662 1062 2751 ejusmodi
1085 2686 1158 2731 rem
1184 2686 1247 2731 an·

198 2777 403 2866 quirendam
422 2785 529 2866 atque
546 2776 796 2844 excutiendam
811 2775 917 2844 hodie
934 2755 1152 2867 suscipimus,
1167 2758 1246 2868 qua

143 2892 146 2904 '
198 2891 291 2961 haud
327 2893 399 2961 scio
432 2915 477 2961 an
512 2892 658 2960 minime
692 2892 849 2960 omnium
883 2894 1077 2985 peregrinae
1114 2893 1245 2986 liuguae

147 3068 149 3072 .
198 3029 312 3075 moras
335 3030 376 3076 ae
393 3005 535 3075 vincula
551 3006 651 3073 ferat.

249 3121 345 3190 Nam
369 3122 533 3212 primum,
555 3142 636 3187 cum
660 3120 823 3187 universo
845 3119 928 3188 hnic
950 3121 1083 3212 generi,
1101 3121 1158 3189 cui
1181 3145 1246 3190 no·

197 3255 277 3305 men
303 3236 449 3305 Poetica
474 3235 617 3315 inditur,
639 3233 798 3324 plurimae
824 3235 929 3303 simul
947 3236 1148 3326 voluptates
1172 3237 1243 3305 sint

197 3360 335 3442 praesto,
349 3352 451 3419 variae
463 3351 657 3441 prasertim
677 3372 718 3417 ac
731 3348 955 3440 multiplices,
970 3351 1136 3441 mirisque
1150 3352 1246 3420 iuter

197 3491 234 3537 se
270 3467 382 3535 modis
416 3466 580 3534 immistae
615 3465 688 3532 fere
722 3471 830 3554 atque
864 3465 1053 3555 implicitae,
1088 3447 1243 3556 aliquam

127 3641 129 3645 .
197 3597 315 3658 tamen
334 3606 441 3651 unam
459 3604 503 3650 ex
529 3580 702 3659 omni-bue,
720 3603 823 3669 quarn
843 3581 1016 3671 praecipue
1039 3605 1080 3650 ac
1104 3585 1243 3674 proprie

196 3696 379 3765 Poeticam
407 3694 585 3785 appellare
611 3692 718 3762 liceat
744 3692 974 3784 voluptatem,
996 3676 1179 3765 secernere
1205 3707 1243 3767 et

195 3833 354 3901 separare
371 3809 587 3878 conabimur.

180 3916 184 3926 ’
245 3925 394 4003 Deinde,
413 3945 476 4013 per
501 3923 672 3990 immensa
697 3923 782 3990 artis
808 3925 921 4011 spatia
947 3946 989 3991 eo
1015 3923 1162 3992 consilio
1181 3925 1243 3993 de-

97 4059 103 4068 ’
155 4087 157 4092 ,
193 4036 404 4107 currendum
422 4037 500 4114 erit,
518 4043 558 4102 ut
576 4036 742 4125 primaria
759 4035 833 4104 haec
851 4034 1024 4126 voluptas
1043 4037 1071 4104 si
1089 4059 1159 4126 qua
1182 4039 1240 4116 sit,

136 4160 140 4177 '
192 4152 350 4243 vestigiis
377 4150 507 4238 ubique
536 4150 742 4242 indagatum
773 4161 814 4218 ut
841 4150 1041 4219 declaretur
1066 4160 1239 4241 quantum

191 4287 233 4332 ea
257 4262 383 4342 valeat,
408 4269 485 4328 tum
510 4262 553 4329 ad
578 4285 710 4352 genera
733 4263 979 4351 dispertienda,
1002 4269 1079 4330 tum
1107 4263 1151 4330 ad
1177 4286 1241 4332 ex-

111 4430 114 4440 .
188 4378 368 4468 plicandas
398 4377 583 4445 doctorum
614 4377 797 4444 hominum
830 4377 874 4444 de
901 4377 1063 4446 universa
1091 4377 1241 4449 Poetica
