2738 4866
156 321 250 366 rnna.
263 321 328 361 x1x.
431 310 569 385 sumptu
583 321 598 365 o
613 300 819 365 nauseante
833 299 985 365 Oranubis.
1141 302 1206 368 349

207 464 302 536 Sunt
327 474 365 536 et
390 467 543 558 plurima
571 470 608 538 id
638 491 771 561 genus:
811 493 857 540 ex
887 470 1015 561 quibus
1044 468 1206 549 efficitur,

157 579 285 650 Poetis·
309 580 450 650 facilem
484 582 560 652 fore
581 583 760 673 jacturam
790 583 1005 676 Pythagorei
1038 583 1133 654 illius
1163 585 1208 653 de

156 695 283 765 animis
307 697 541 788 migrantibus
567 697 705 780 somnii,
731 720 814 766 eum
848 697 942 766 inter
974 698 1136 767 hemines
1170 705 1208 768 et

155 811 318 900 pecudes,
341 811 524 902 testejam
548 833 699 903 superna
719 811 894 894 Veritate,
918 812 1071 882 sanctior
1093 812 1208 882 multo

156 925 356 994 intercedat
382 927 596 996 eommunia.
663 925 825 1017 Uterque
848 950 912 997 sno
939 927 1045 996 modo
1066 927 1209 1018 partiei-

156 1060 281 1129 pamus
308 1039 420 1120 Illius,
448 1063 555 1132 quem
581 1041 640 1131 pia
666 1040 811 1132 agnovit
838 1037 1047 1130 Antiquitas
1071 1038 1207 1109 Κίνιοιι

158 1151 216 1222 nai
243 1159 369 1223 neurim
398 1161 495 1224 naris·
523 1155 659 1223 fontem
681 1156 761 1223 vitae
780 1177 853 1223 non
873 1156 948 1245 ejus
968 1155 1075 1224 modo
1101 1177 1209 1246 qnam

156 1268 274 1338 hausit
308 1269 517 1339 immertalis
550 1270 677 1350 anima,
706 1291 828 1338 verum
857 1276 894 1338 et
926 1270 1001 1360 ejus
1029 1293 1106 1360 quae
1132 1293 1210 1339 eer-

156 1385 233 1474 pori
258 1385 435 1467 convenit,
460 1385 627 1475 vivasque
652 1383 710 1453 vel
734 1384 892 1475 pecudes
911 1384 1063 1455 mirabili
1087 1392 1210 1455 movet

156 1499 340 1568 instinctu.

208 1611 301 1682 Sunt
318 1613 396 1683 haee
414 1619 511 1682 certe
529 1635 658 1706 magna
675 1620 712 1681 et
729 1612 862 1704 gravia:
889 1616 944 1679 est
962 1619 1094 1693 tamen,
1112 1611 1207 1701 quod

99 1821 101 1825 ‚
156 1727 212 1796 his
241 1727 350 1795 etiam
378 1727 476 1816 quasi
503 1727 636 1796 cumuli
665 1726 743 1795 loeo
771 1725 928 1795 accedat.
991 1721 1207 1815 Accepimus

156 1864 286 1932 nempe
319 1865 340 1911 e
367 1842 473 1911 saeris
507 1841 630 1923 literis,
663 1841 862 1912 consentire
895 1838 1061 1908 animalia
1088 1841 1206 1910 neseio

156 1957 333 2047 quemodo
364 1979 447 2050 eum
473 1979 605 2048 genere
635 1965 765 2037 nostro,
791 1963 869 2024 tum
898 1953 1101 2044 languente,
1128 1960 1206 2021 tum

157 2073 194 2140 in
237 2070 363 2140 melius
406 2069 589 2152 enitente3
631 2071 729 2139 miris
771 2069 867 2139 enim
909 2067 1033 2149 modis,
1072 2074 1114 2136 ut
1156 2068 1207 2136 ait

157 2187 343 2277 quidam‘l,

298 2329 449 2395 συστενάζει
461 2330 503 2382 καί
516 2329 649 2384 συνωδίνει
661 2329 722 2400 ἄχρι
731 2332 777 2383 τοῦ
790 2332 834 2383 νῦν
843 2329 918 2382 πᾶσα
930 2325 945 2395 ἦ
959 2325 1050 2382 κτίσις.

157 2450 286 2540 Neque
306 2471 418 2540 pauca
439 2456 564 2518 extant
584 2449 755 2539 promissa
772 2455 905 2529 vatum,
923 2471 977 2529 ee,
995 2454 1037 2516 ut
1054 2446 1205 2525 videtur,

158 2565 357 2657 spectantia
368 2588 375 2635 :

296 2690 543 2761 συμβοσκηθῆσεται
554 2691 633 2748 λύκος
644 2693 709 2761 μετὰ
721 2693 805 2763 ἀρνὸς,

297 2779 338 2833 καί
349 2779 476 2848 πάρδαλις
488 2777 711 2833 σνναναπαιίσεται
723 2779 816 2852 ἐρίφῳ,

298 2865 339 2919 καὶ
350 2864 496 2934 μοσχαρίον
507 2865 549 2917 καὶ
561 2868 655 2935 ταῦρος
666 2865 708 2918 καὶ
718 2864 786 2920 λέων
797 2865 849 2934 ἅμα
859 2861 1078 2932 flauminum,

296 2951 338 3004 καί
349 2951 451 3006 παίδων
461 2951 553 3020 μικρὸν
564 2951 621 3019 ἄξει
632 2950 748 3007 auster.

157 3073 444 3143 Consentaneum
471 3095 599 3164 nempe
624 3078 709 3154 erat
740 3079 782 3141 nt
805 3094 852 3141 ex
880 3071 1064 3140 hominum
1090 3069 1205 3140 salute

155 3188 313 3257 fructum
335 3187 490 3279 aliquem
513 3195 681 3279 caperent
704 3187 813 3256 etiam
829 3186 942 3256 tribue
959 3185 1204 3266 animantium,

157 3303 218 3392 qui
252 3325 324 3372 non
353 3305 460 3373 modo
489 3312 650 3393 tempore
679 3301 813 3384 diluvii,
843 3302 905 3371 sed
933 3309 971 3371 et
1001 3299 1098 3369 omni
1127 3299 1205 3370 loeo

156 3426 392 3508 attempero,
418 3426 562 3509 propter
585 3417 771 3487 hominum
797 3415 972 3487 malitiam
997 3424 1035 3486 et
1059 3426 1206 3507 peccata

156 3532 268 3623 poenis
285 3530 374 3601 adeo
388 3533 554 3624 gravibus
570 3531 786 3623 plectuntur.
822 3531 962 3621 Itaque,
972 3531 1040 3599 etsi
1058 3532 1205 3600 minime

156 3647 370 3738 negaverim,
405 3647 517 3717 latere
545 3646 661 3716 adhue
691 3668 773 3715 eum
804 3644 1058 3714 obscurissimis
1087 3645 1204 3726 rebus,

155 3784 226 3853 qna
242 3761 322 3853 lege
339 3783 422 3831 eum
438 3761 551 3832 brutis
568 3768 650 3853 agat
668 3759 800 3828 Divina
817 3757 975 3840 Bonitas,
993 3766 1031 3828 at
1041 3759 1205 3830 videmus

156 3883 277 3944 tamen
306 3875 424 3944 omnia
442 3875 519 3964 jam
544 3875 581 3942 in
607 3872 810 3943 libertatem
837 3873 1017 3955 vindicari,
1043 3880 1080 3942 at
1106 3882 1203 3943 certo

155 3990 286 4059 scimus
303 4013 374 4058 nen
397 3989 600 4059 defuturam
624 3988 703 4070 illis,
730 4010 811 4079 quae
828 3986 930 4056 nobis
949 3987 1039 4056 adeo
1059 3989 1201 4080 profuit,

157 4104 430 4174 misericordiam
451 4102 630 4172 Numinis.

368 4282 382 4318 ⁴1
401 4272 476 4326 Rom.
489 4271 544 4326 viii.
557 4287 602 4325 22.
812 4278 824 4308 ¹*
841 4269 905 4324 Irni.
917 4268 953 4322 xi.
966 4267 992 4323 6.
