2738 4866
159 323 224 391 276
384 326 495 391 Postaa
508 326 633 391 madi
647 328 808 391 Pccdmna
823 336 974 392 marcac:
1035 349 1130 390 rann.
1139 348 1200 389 xri.

161 521 301 587 cunque
311 500 471 590 gentium
483 522 574 570 nnus
585 501 826 591 primariorum
838 500 1202 583 extiteritbrevifore,

162 620 204 681 ut
220 613 352 683 ibidem
366 623 532 683 noscatur
543 613 724 683 luxuriosa
736 635 842 704 prave
858 614 1079 683 imitantium
1097 635 1203 706 seges

162 726 268 810 Quod
279 736 400 798 autem
411 737 548 798 metuat
557 728 692 819 aliquis,
703 729 853 798 eandem
864 729 910 797 ob
919 751 1068 798 causam
1078 728 1203 799 multos

161 842 207 911 ad
221 842 400 912 silentium
415 844 537 936 redigi,
550 844 611 934 qui
625 843 776 913 feliciter
791 843 835 913 ad
854 843 1011 913 carmina
1023 844 1204 936 pangenda

161 956 248 1027 alias
264 957 459 1050 aggressuri
476 965 603 1039 essent,
621 959 658 1026 id
675 959 742 1028 etsi
762 958 879 1049 specie
897 959 971 1027 veri
988 981 1063 1027 non
1080 966 1207 1039 careat·

160 1072 361 1143 invenietur
378 1073 437 1141 vix
454 1073 582 1142 rationi
598 1081 886 1142 consentaneum.
938 1072 1091 1142 Poetam
1114 1073 1203 1141 enim

160 1186 330 1257 hodierna
360 1188 598 1278 disputatione
627 1187 854 1279 appellamus,
881 1211 954 1257 non
983 1189 1046 1279 qni
1080 1209 1203 1280 magno

161 1303 283 1394 populi
311 1303 435 1394 plausu
467 1325 586 1373 versus
613 1325 694 1374 snos
723 1305 760 1373 in
789 1302 907 1373 lucem
936 1304 1031 1382 edat,
1059 1304 1122 1372 sed
1147 1302 1203 1393 qui

160 1440 290 1510 magno
307 1420 362 1489 sui
378 1418 504 1488 solatio
521 1419 615 1488 domi
634 1419 760 1488 sedens
776 1439 942 1487 numeros
959 1427 997 1486 et
1014 1419 1124 1486 verba
1135 1439 1203 1486 me·

161 1532 307 1604 ditetur.
357 1532 460 1602 Tales
482 1540 604 1603 autem
629 1531 690 1622 qui
713 1531 792 1614 sint,
819 1553 1022 1622 quanquam
1041 1531 1146 1600 inviti
1167 1537 1202 1600 et

160 1656 363 1718 recusantes
380 1649 497 1718 sinaut
518 1648 648 1738 scripta
664 1668 727 1715 sua
743 1645 780 1713 in
797 1668 921 1715 manus
938 1647 1073 1727 venire,
1089 1646 1202 1715 nescio

160 1761 326 1849 equidem
353 1784 417 1830 cur
445 1761 537 1853 stylo
567 1769 715 1830 utantur
743 1761 912 1852 segniore,
942 1760 1040 1850 quod
1072 1759 1203 1830 scilicet

160 1875 348 1945 inciderint
361 1877 398 1944 in
412 1886 528 1947 vatem
543 1876 697 1967 aliquem
710 1876 902 1968 egregium,
915 1883 1026 1965 atque
1039 1876 1130 1945 adeo
1142 1874 1202 1945 sibi

160 1991 272 2082 magis
299 2014 373 2061 suae
402 1991 655 2060 mediocritatis
681 1990 767 2059 facti
797 1991 868 2059 sint
894 1992 1040 2060 conscii.
1092 1990 1203 2059 Immo

160 2105 280 2176 videre
310 2106 396 2175 mihi
423 2106 544 2175 videor
570 2107 723 2175 rationes
748 2105 894 2174 minime
920 2106 1203 2185 contemnendas,

160 2244 223 2290 cur
251 2221 435 2292 alacriores
460 2223 504 2291 ad
530 2222 754 2291 scribendum
781 2221 878 2302 fiant,
904 2229 1095 2312 postquam
1126 2243 1203 2290 con·

161 2338 341 2427 spexerint
367 2337 405 2407 in
431 2359 537 2429 opere
564 2338 718 2428 quodam
751 2335 952 2418 immortali,
979 2338 1068 2426 quid
1098 2336 1202 2428 possit

160 2454 291 2524 nativae
309 2453 460 2523 Poeseos
478 2453 576 2544 quasi
595 2453 639 2520 de
656 2451 745 2523 coelo
763 2451 881 2521 delata
898 2452 960 2520 vis.

224 2569 353 2650 Primo,
389 2578 557 2659 tanquam
599 2569 690 2660 ignis
723 2569 816 2660 igne,
850 2569 901 2635 ita
938 2567 1052 2636 ferme
1090 2575 1202 2658 poetae

161 2707 329 2755 essemus
367 2684 504 2752 animus
546 2681 636 2752 alius
670 2691 786 2774 poetae
821 2682 919 2772 quasi
954 2689 1124 2763 contactu
1156 2682 1203 2750 fo·

160 2809 273 2870 vetur.
333 2798 463 2868 Timidi
495 2821 537 2867 ac
570 2798 766 2888 pudibundi
800 2797 970 2878 homines,
1004 2797 1067 2888 qui
1102 2805 1204 2867 antea

159 2916 227 2985 sibi
261 2915 369 2984 etiam
411 2914 495 3004 ipsis
529 2913 590 2981 vix
623 2922 662 2982 et
695 2936 741 2982 ne
775 2914 835 2983 vix
872 2912 1016 3003 quidem
1055 2913 1203 2983 confessi

161 3039 261 3100 erant
294 3031 491 3099 animorum
521 3051 664 3098 suorum
695 3050 826 3109 sensus,
854 3049 925 3095 non
951 3026 1121 3097 dubitant
1153 3052 1203 3099 sr·.

159 3167 248 3214 cana
272 3146 341 3215 ista
366 3145 626 3214 communicare
649 3143 907 3233 quodammodo
933 3165 1015 3211 cum
1037 3146 1203 3236 scriptore

160 3260 269 3328 semel
287 3261 449 3329 adamato
463 3282 473 3343 ;
500 3254 698 3329 amicorum
710 3259 788 3328 loco
801 3257 934 3327 habent
951 3259 1109 3329 carmina
1125 3281 1203 3329 cum

160 3374 339 3443 mentibus
359 3376 430 3444 suis
451 3382 489 3443 et
513 3373 699 3444 affectibus
721 3374 853 3443 eximie
876 3374 1131 3465 congruentia:
1157 3375 1203 3442 ita

159 3490 331 3580 paulatim
356 3489 558 3560 audaciores
584 3489 678 3569 facti,
705 3489 758 3558 sni
783 3511 924 3580 quoque
951 3489 1087 3558 faciunt
1117 3488 1203 3580 peri.

160 3607 302 3689 culum3
340 3607 480 3676 discunt
505 3593 679 3676 cantando
705 3604 799 3674 viam
824 3605 954 3687 lenire3
990 3604 1145 3700 denique
1169 3611 1203 3673 et

160 3722 235 3813 ipsi,
254 3722 522 3814 qualesquales,
541 3723 697 3791 evadunt
713 3728 842 3812 poetae.
895 3720 985 3803 Quis
1001 3720 1070 3792 scit
1084 3742 1133 3791 an
1149 3718 1202 3789 hic

159 3845 197 3906 et
213 3838 345 3927 ubique
364 3837 494 3906 habeat
519 3836 672 3906 eximius
689 3836 837 3926 quisque
855 3842 953 3905 vates
974 3857 1080 3907 suum
1097 3856 1203 3924 quen·

159 3953 240 4021 dam
267 3951 517 4043 discipulorum
541 3973 696 4044 gregem,
722 3953 783 4042 qui
809 3950 920 4020 veluti
946 3948 1138 4023 scintillam
1162 3948 1204 4019 ab

158 4089 201 4137 eo
214 4069 377 4138 emissam
390 4066 498 4137 tacite
514 4090 556 4136 ac
574 4066 727 4136 latenter
739 4066 891 4146 foveant,
905 4086 1018 4156 eoque
1035 4063 1202 4136 cariorem

156 4181 321 4265 habeant,
340 4207 409 4273 quo
427 4168 584 4252 abditam
601 4181 734 4275 magis?
794 4180 921 4271 Itaque
942 4178 1039 4249 omni
1063 4178 1143 4248 loco
1164 4198 1201 4246 ac

157 4305 318 4388 tempore
346 4299 408 4367 fiet
437 4297 704 4388 exspectatione
733 4296 845 4385 major
874 4316 997 4362 eorum
1026 4311 1200 4369 numerus,
