2738 4866
170 321 267 371 11111.
280 328 312 375 v.
343 309 804 396 Primoriiplnrasipaificuot,
817 334 908 396 quom
921 318 1066 380 narraret,
1181 315 1224 378 65

168 485 235 545 aut
252 478 389 547 curiose
406 485 546 548 narrare
564 479 821 561 consueverint,
835 489 984 569 quorum
998 501 1069 569 prae
1087 481 1222 552 caeteris

166 611 292 659 amore
315 591 515 662 ferverent:
552 592 679 662 deiude
702 594 869 685 quicquid
890 593 963 663 tale
988 594 1163 675 inciderit,
1185 596 1222 664 id

168 704 222 772 ita
239 705 447 798 depingunt,
465 704 585 797 itique
602 715 756 790 narrant,
775 716 814 776 ut
832 706 983 798 plurima
1000 707 1220 791 omittantur,

168 841 248 909 quae
276 820 374 912 vulgi
405 822 526 891 oculos
542 821 745 890 >eminentia
771 823 923 912 quadam
948 821 1140 913 percellere
1166 845 1222 892 so-

167 933 287 1005 leant:
313 944 493 1027 postrerno
512 936 692 1006 Socratica
713 936 775 1006 illa
791 937 924 1016 fraude,
943 959 1024 1027 quae
1047 940 1221 1008 contraria

164 1049 243 1139 agit
278 1071 319 1119 ac
353 1048 507 1133 simulat,
541 1050 687 1119 mirifice
722 1049 945 1118 delectantur
977 1050 1015 1119 bi
1048 1050 1219 1134 homines,

167 1162 336 1252 varioque
352 1164 429 1255 ejus
445 1187 513 1233 usu
530 1165 703 1255 praecipue
721 1162 852 1255 vigent.

227 1392 348 1463 Prima
367 1394 476 1487 igitur
496 1416 576 1484 pars
596 1394 664 1463 erit
684 1394 789 1484 hujus
806 1395 904 1485 quasi
927 1395 1110 1464 modestiae
1128 1395 1218 1470 Poe-

164 1514 296 1589 tarum,
322 1517 365 1578 ut
398 1509 566 1600 pleraque
599 1509 798 1601 significent
831 1510 958 1600 potine,
992 1533 1099 1600 quam
1134 1513 1218 1609 data

163 1643 275 1713 opera
291 1623 491 1695 describant
508 1647 550 1694 ac
566 1626 821 1693 demonstrent.
866 1624 996 1715 Neque
1014 1627 1109 1694 enim
1125 1634 1215 1717 opus

162 1746 253 1820 erat,
287 1746 330 1807 ut
363 1739 569 1830 plurimum,
604 1761 769 1830 expressa
803 1740 913 1808 totius
949 1741 1000 1808 rei
1038 1741 1215 1832 imagine}

163 1873 282 1944 neque
307 1856 354 1924 ad
382 1856 492 1946 ipsius
515 1855 723 1923 memoriam
752 1853 973 1942 (servabatur
998 1855 1093 1923 euim
1119 1857 1216 1926 intus

162 1977 286 2038 mente
309 1969 534 2063 animoque);
559 1992 675 2060 neque
696 1971 740 2038 ad
761 1979 900 2039 mentes
923 1970 1126 2039 auditorum
1149 1972 1217 2040 eri-

161 2077 306 2174 gendas,
324 2087 396 2174 qui,
414 2086 499 2154 dum
518 2085 637 2153 omnia
659 2107 882 2154 recensemus
905 2084 1037 2165 ordine,
1055 2094 1118 2154 aut
1141 2086 1216 2155 lan-

105 2246 108 2250 »
160 2207 286 2288 guent,
314 2207 377 2268 aut
405 2222 481 2282 nos,
509 2222 581 2268 non
608 2206 739 2281 nostra,
759 2199 942 2269 mirantur.
994 2199 1131 2290 Itaque,
1153 2206 1215 2293 qu'i

159 2313 313 2403 sapiunt,
342 2316 463 2405 paucis
492 2324 654 2406 tangrmt,
681 2337 759 2404 quae
784 2314 940 2382 maxime
966 2317 1216 2386 commendata

154 2427 275 2496 velint
300 2428 454 2521 legenti:
485 2438 523 2498 et
549 2427 647 2498 velut
675 2429 919 2510 convivatoris,
943 2428 994 2496 ita
1023 2431 1213 2520 scriptoris,

159 2541 196 2610 id
232 2543 300 2611 erit
333 2543 571 2613 certissimum
605 2544 738 2636 ingenii
768 2544 959 2635 specimen,
988 2543 1018 2612 si
1049 2543 1213 2616 homines

159 2659 321 2729 dimittat
338 2661 497 2731 excitato
514 2660 620 2750 quasi
631 2660 760 2752 palato.

211 2772 294 2855 Quo
317 2775 353 2842 iu
380 2797 510 2868 genere
536 2775 623 2844 nihil
643 2773 796 2866 Virgilio
820 2774 1028 2865 praeclarius,
1054 2773 1096 2842 iis
1122 2773 1212 2842 dun-

158 2895 262 2957 taxat
279 2889 316 2956 in
333 2887 430 2971 locis,
448 2889 510 2958 ubi
530 2888 591 2958 ille
609 2888 752 2957 delicias
774 2911 863 2970 snas,
881 2911 962 2957 rurs
982 2886 1149 2957 videlicet
1169 2910 1211 2957 ac

158 3025 235 3071 rem
252 3011 440 3094 agrestem,
453 3004 686 3094 persequitur.
722 3002 816 3072 Sane
834 3026 940 3094 quam
958 3003 1120 3084 feliciter,
1138 3027 1210 3073 uno

157 3139 251 3208 saepe
278 3117 397 3198 verbe,
424 3118 599 3209 integram
613 3117 726 3188 uobis
754 3119 892 3187 ornavit
917 3141 1078 3188 scenam:
1109 3118 1210 3188 velut

158 3233 221 3302 ubi
238 3233 468 3302 armentarios
477 3234 584 3324 jubet

318 3376 442 3430 AEstibus
453 3378 483 3430 in
494 3377 590 3431 mediis
599 3378 754 3431 umbrosam
767 3379 903 3450 exquirere
914 3380 1019 3442 vallem,

305 3453 308 3458 ’
319 3461 412 3516 Sicubi
423 3479 521 3532 magna
532 3464 549 3518 J
552 3464 609 3517 ovis
621 3464 731 3534 antiquo
743 3465 838 3518 robore
850 3482 963 3535 quercus
1036 3488 1039 3494 ·
1052 3536 1056 3541 η

318 3548 443 3619 lugentes
456 3548 547 3603 tendat
559 3567 663 3604 ramos:
683 3559 728 3604 aut
741 3551 827 3605 sicubi
839 3552 947 3622 nigrum

318 3634 427 3688 Ilicibus
440 3634 538 3688 crebris
551 3653 625 3688 sacra
636 3653 731 3690 nemu·
744 3637 849 3690 accubet
861 3636 986 3690 umbra⁸.
1050 3707 1053 3712 Ι

158 3757 251 3825 Rem
278 3757 478 3826 universam
509 3765 592 3826 ante
625 3757 747 3826 oculos
781 3759 892 3850 pouit,
923 3759 1022 3849 quasi
1049 3759 1204 3849 quodam

148 3873 253 3961 jactu
279 3871 445 3963 penicilli,
470 3870 558 3940 illud
586 3870 783 3941 “accubet’'
835 3873 972 3942 Eodem
996 3874 1069 3970 fere
1095 3874 1203 3944 verbo

155 4007 240 4054 usus
258 3984 442 4068 Horatius,
459 3985 633 4076 picturam
651 3987 735 4056 satis
752 4010 927 4057 amoenam
944 3989 1190 4059 adumbravit:

437 4115 457 4140 “
466 4110 565 4175 Valles,
578 4119 604 4165 et
616 4111 717 4166 Usticae
729 4113 847 4167 cubantis

465 4197 554 4252 Laevia
565 4215 725 4267 personuere
737 4216 799 4253 1111
805 4199 849 4252 b.”

301 4404 626 4478 *Georg.IIl.331-4.
683 4426 686 4437 ·’
747 4434 749 4437 ·
811 4399 1059 4478 1011111117.

668 4502 689 4548 F
