2738 4866
175 331 266 375 remu.
280 334 346 374 xm.
426 313 671 393 ἀααιιῦιιιαθιῗθιιι,
685 317 856 402 presertim
870 314 1030 383 Luscinia.
1155 317 1219 383 841

173 479 378 552 Cassandrae
401 485 525 568 modis,
543 484 643 556 velut
663 486 745 558 solis
765 496 885 580 eptam
909 494 1030 558 uatem
1055 485 1220 561 lamentis

172 601 210 663 et
226 592 418 687 ejulatibus
431 593 459 666 ¹³.
945 597 947 602 ’

383 743 546 815 φρενομανῇς
556 767 595 801 τις
606 742 632 800 εἴ
640 745 810 817 θεοφόρητος,
822 745 875 816 ἀμ-

418 829 468 899 -φὶ
480 829 503 883 δ’
516 830 595 886 αὐτᾶς
606 830 692 899 θροεῖς

381 916 460 983 νόμον
471 915 575 985 ἄνομον,
587 915 630 970 oiri
640 938 680 973 τις
691 916 772 986 ξουθὰ

381 1000 504 1072 ἀκόρετος
514 1004 589 1066 βοᾶς,
601 1004 662 1073 φεῦ,
675 1003 807 1058 ταλαίναις
818 1002 917 1072 φρεσὶν

373 1083 535 1152 Ἰτνν,”Ιτνν
547 1087 668 1143 στένοοσ’
680 1088 815 1159 ἀμφιθαλῆ
828 1091 913 1144 κακοῖς

413 1174 498 1242 ἀηδὼν
508 1175 577 1239 βίον.

169 1292 247 1378 His,
282 1302 324 1364 ut
359 1297 525 1380 diximus,
559 1295 765 1388 popularem
800 1297 845 1365 de
878 1294 1026 1366 luscinia
1060 1296 1217 1368 fabulam

168 1418 310 1481 secutus
336 1419 391 1481 est
414 1412 572 1482 Chorus:
599 1433 709 1502 quum
736 1412 843 1493 enim,
871 1434 914 1481 ee
940 1419 1117 1493 cantante,
1148 1413 1216 1482 sibi

167 1523 342 1595 finxerant
369 1549 470 1597 aures
503 1527 688 1596 hominum
718 1549 847 1595 nomen
879 1526 977 1618 Ityos
1007 1527 1135 1618 saepius
1161 1551 1216 1597 re-

166 1640 251 1730 peti,
274 1641 383 1732 (quod
406 1643 550 1734 quidem
577 1641 653 1711 fieri
680 1640 848 1711 credibile
871 1648 926 1710 esi
947 1649 1092 1733 propter
1117 1642 1213 1711 simi·

165 1751 354 1825 litudinem
389 1757 608 1847 quorundam
634 1757 826 1846 sonorum)
863 1755 983 1824 statim
1020 1777 1102 1824 cum
1138 1756 1214 1845 ejus

166 1877 285 1952 cantu,
301 1879 475 1940 noctumo
497 1871 705 1962 praesertim,
723 1869 887 1962 lugubria
905 1870 1023 1938 omnia
1040 1892 1081 1939 ee
1098 1871 1213 1940 tristia

165 1984 378 2076 conjungere
399 1991 592 2076 coeperunt.
644 1983 703 2052 Ite
722 1981 905 2074 Virgilius,
926 1983 1111 2053 notissimo
1139 2005 1214 2053 ear-

164 2099 280 2168 mine:

305 2217 399 2277 Qualis
411 2219 525 2287 populea
534 2235 651 2272 moerens
663 2217 810 2271 Philomela
820 2216 872 2272 sub
883 2216 980 2272 umbra
1023 2265 1024 2268 ,

304 2303 361 2356 Flet
372 2312 487 2367 noctem,
500 2321 626 2375 ramoque
638 2301 734 2358 sedens
744 2302 894 2358 miserabile
905 2312 1016 2358 cantum

304 2389 431 2460 integrat,
444 2397 470 2443 et
481 2391 583 2443 moestis
595 2391 647 2443 late
658 2391 716 2442 loca
728 2389 866 2459 questibus
878 2389 979 2458 implet.

212 2511 271 2580 lta
288 2511 465 2583 Miltonus
481 2535 552 2582 non
570 2511 679 2581 semel
698 2534 740 2580 eo
758 2519 865 2580 cantu
882 2511 1069 2604 significari
1087 2522 1209 2584 censet

160 2627 234 2695 sive
259 2649 379 2696 amore
405 2635 548 2718 captum
574 2628 742 2708 animum,
768 2647 830 2694 seu
851 2624 1034 2695 turbarum
1060 2625 1210 2716 ineptiu-

160 2764 310 2831 rumque
326 2750 528 2833 pertaesum.
580 2740 760 2810 Homerus
777 2748 907 2822 autem,
918 2750 960 2809 ut
976 2741 1013 2809 in
1030 2740 1085 2811 his
1102 2741 1208 2812 rebus

160 2859 236 2921 erat
254 2875 392 2944 semper
413 2860 546 2922 naturae
563 2854 706 2943 verique
728 2855 832 2922 unice
853 2853 1040 2936 studiosus,
1057 2854 1208 2924 itanum

160 2967 324 3058 opinione
341 2966 437 3060 vulgi
456 2974 687 3057 veterumque
704 2966 823 3038 fabula
841 2968 980 3038 videtur
996 2969 1207 3051 consentire,

158 3088 200 3150 ut
217 3079 372 3150 lusciniae
389 3081 500 3150 melos
517 3091 746 3173 repraesentet
762 3082 863 3152 nobis
880 3104 951 3153 non
965 3089 1040 3151 tam
1056 3079 1206 3175 lugubre

158 3218 265 3285 quam
281 3194 414 3266 mobile
431 3203 469 3264 et
486 3195 685 3285 inquietum
694 3191 715 3277 ¹,

333 3339 401 3395 bed·
415 3338 458 3393 ὅτε
470 3339 623 3409 Πανδάρεως
634 3339 722 3408 κουρὴ,
734 3340 850 3410 χλωρῆὶς
860 3339 953 3409 ἀηδὼν,

333 3424 413 3478 κάλον
424 3424 550 3492 ἀείδησιν,
563 3425 639 3494 ἔαρος
650 3426 708 3479 νεὸν
720 3424 878 3495 ἱσταμένοιο,

333 3509 458 3581 δένδρεων
469 3511 497 3566 έν
508 3512 645 3566 πετάλοισι
658 3511 810 3582 καθεζομένη
822 3514 1013 3567 πυκινοῖσιν·-

157 3635 217 3725 qui
239 3634 382 3725 quidem
408 3656 528 3704 versus
555 3636 689 3727 optime
712 3642 813 3704 notet
840 3656 976 3704 morem
998 3633 1101 3704 illum
1127 3634 1203 3724 ejus

158 3748 308 3818 volueris
336 3749 526 3839 proprium,
554 3749 648 3840 quod
679 3772 732 3832 ea,
761 3749 846 3818 dum
875 3748 981 3831 canit,
1007 3748 1137 3819 abdere
1164 3771 1202 3818 se

155 3862 364 3954 plerumque
379 3864 489 3956 gestit
506 3865 543 3934 in
561 3865 774 3935 densissimis
790 3864 955 3934 arborum
971 3864 1077 3933 ramis
1088 3885 1148 3932 :-

296 4005 314 4073 ἧ
330 4026 363 4059 τε
383 4005 464 4075 θαμὰ
481 4013 632 4076 τρωπῶσα
650 4006 717 4078 χέει
735 4006 896 4078 πολυηχέα
913 4005 1025 4076 φωνὴν,

295 4089 365 4144 παῖδ’
378 4091 670 4163 ἀλαφυρομένηἾτυλον
681 4094 773 4165 φίλον,
783 4092 813 4148 ὅν
823 4114 887 4148 ποτε
898 4093 989 4163 χαλκῷ

296 4254 309 4293 ¹¹
328 4257 511 4326 Aqam.1109.
837 4257 844 4290 ¹
867 4258 917 4314 od.
929 4259 984 4314 xix.
997 4252 1059 4328 51'8.
1095 4316 1101 4330 Ν
