2738 4866
160 303 227 365 304
250 302 299 367 Do
314 303 357 365 X
353 322 421 366 crac
425 302 576 388 subdivo.
612 303 661 366 Do
674 304 846 370 nominibus
859 306 1008 373 barbada
1033 332 1128 373 rann.
1139 333 1210 372 xvu.

375 462 645 533 χθον,κροκόβαπωυ
655 464 790 520 trudbert-

373 568 452 616 μαριν
464 546 564 617 ἀείρων,
576 548 697 612 βασιλεί-

375 631 672 704 ουτιᾶραπφάλαρονπ
722 633 737 687 ὖ
738 655 817 688 σσσσσ

215 774 311 858 Quid
344 779 439 866 quod
475 779 512 847 in
547 779 665 849 lucem
698 803 841 872 quoque
880 781 1093 852 redeuntem
1134 805 1210 851 oum

163 889 300 959 solenni
330 890 518 960 formidine
548 894 741 984 excipiunt,
769 917 887 964 coram
922 918 966 964 eo
994 895 1052 965 vel
1087 898 1209 988 profari

163 1002 412 1077 metuentesll

445 1165 558 1234 σέβομαι
570 1167 617 1234 μὲν
627 1169 812 1238 προσὶδεσθαι,

443 1251 557 1321 σέβομαι
569 1252 591 1305 δ’
604 1252 678 1306 ἀντία
689 1253 776 1324 λέξαι,

445 1336 524 1392 σέθεν
534 1337 638 1411 ἄρχαῖφ
649 1339 710 1410 περὶ
722 1340 822 1408 τάρβει.

215 1477 276 1548 Ne
292 1479 421 1552 multa:
449 1482 548 1552 Darii
562 1483 619 1552 vel
635 1484 745 1554 solius
761 1493 880 1576 partes
892 1485 1052 1576 quisquis
1069 1486 1160 1555 serio
1175 1509 1209 1556 ao

163 1593 287 1663 sedulo
308 1596 482 1687 inspiciet,
507 1599 656 1670 minime
680 1601 732 1669 ita
757 1608 996 1690 comparatam
1022 1621 1101 1669 esse
1126 1600 1209 1670 hauc

164 1706 319 1779 fabulam
336 1710 525 1802 judicabit,
552 1722 594 1782 ut
621 1713 656 1782 in
686 1736 729 1783 ea
750 1714 903 1783 victores
929 1715 1078 1805 impune
1104 1716 1210 1784 victos

164 1823 344 1895 irrideant.
397 1825 451 1897 Ut
474 1830 519 1898 de
541 1826 685 1898 Atossae
711 1829 769 1920 pia
786 1827 1046 1919 tranquillitate
1067 1837 1209 1909 taceam,

163 1961 234 2028 qua
266 1950 363 2011 certe
397 1941 484 2012 nihil
518 1944 689 2013 remotius
722 1944 767 2014 ab
798 1943 867 2012 ista
898 1944 1102 2036 arrogantia
1131 1943 1210 2035 fingi

163 2062 292 2144 potest.

214 2168 319 2252 Quod
353 2180 475 2241 autem
508 2174 619 2255 aiunt,
658 2172 820 2243 Xerxem
853 2172 1059 2264 fugitivum,
1094 2171 1210 2241 laceris

163 2284 298 2372 pannis,
316 2309 435 2355 coram
458 2288 539 2357 duci
559 2287 787 2357 contumeliae
812 2309 907 2379 ergo,
929 2284 1091 2355 oblivisci
1114 2285 1233 2376 plane*

165 2396 332 2468 videntur
368 2409 530 2471 veterum
572 2403 673 2486 ritus,
715 2401 912 2494 praesertim
956 2397 1209 2480 Orientalium;

165 2514 258 2603 apud
285 2537 382 2605 qnos,
412 2524 454 2585 ut
476 2539 584 2585 sacrae
607 2539 748 2608 quoque
772 2517 905 2586 Literae
931 2522 1120 2596 testantur,
1147 2536 1209 2582 non

165 2636 240 2697 tam
268 2639 413 2699 mutatae
446 2654 552 2721 quam
583 2634 696 2702 scissae
726 2642 842 2702 vestes
871 2630 1055 2701 solennem
1083 2631 1209 2699 habent

165 2742 377 2814 calamitatis
394 2745 698 2837 significationem.

217 2857 351 2929 Rursus
379 2861 560 2951 objiciunt,
591 2884 715 2954 regum
744 2862 945 2949 ducumque
973 2858 1121 2927 nomina
1145 2880 1209 2926 non

166 2995 237 3042 uno
254 2973 291 3042 in
309 2974 388 3044 loco
407 2976 501 3045 aliud
519 2976 588 3046 alio
608 2975 792 3059 cumulari,
811 2974 966 3044 barbaris
987 2974 1084 3043 sonis
1108 2983 1209 3064 atque

165 3090 307 3178 asperis,
340 3113 386 3159 ue
421 3092 511 3160 desit
545 3093 641 3182 quod
676 3091 806 3160 infimis
840 3088 1015 3159 subselliis
1049 3087 1136 3158 ludo
1168 3088 1209 3157 sit

165 3213 274 3295 atque
284 3207 378 3296 joco.
430 3206 568 3278 Verum
586 3194 755 3277 credibile
773 3216 836 3288 est,
855 3206 962 3274 fuisse
980 3227 1023 3273 ea
1045 3226 1209 3296 germana

166 3320 338 3389 nobilium
365 3321 551 3392 Persarum
582 3323 735 3404 nomina,
760 3319 937 3412 AEschylo,
964 3319 992 3387 si
1020 3320 1078 3388 cui
1101 3317 1206 3387 Athe

165 3435 351 3518 niensium,
379 3437 469 3506 bene
496 3462 537 3507 ac
567 3437 786 3506 familiariter
819 3444 923 3504 nota:
964 3434 1094 3523 quibus
1126 3434 1209 3502 adeo

165 3570 271 3618 scena
298 3552 373 3642 ejus
403 3551 566 3621 debuerit
593 3552 718 3633 ornari,
740 3553 823 3643 jure
852 3550 1129 3641 haudquaquam
1154 3548 1210 3618 de·

166 3664 294 3734 teriore
320 3674 426 3756 atque
450 3666 487 3734 in
509 3665 659 3735 Homeri
686 3665 857 3757 Catalogo
883 3671 1115 3733 recensentur
1131 3662 1211 3730 Tro·

158 3778 235 3869 jani
269 3781 400 3871 pariter
434 3790 472 3850 et
507 3781 615 3850 Graii.
668 3779 865 3850 Exordium
901 3777 989 3847 illud
1026 3777 1211 3847 Persarum

165 3893 358 3965 Homerica
374 3895 518 3986 quidem
544 3896 722 3988 elegantia
746 3904 853 3976 caret,
877 3917 950 3963 non
975 3892 1071 3962 male
1095 3902 1212 3962 tamen

164 4020 367 4101 comparata
385 4033 460 4081 esse
478 4011 619 4081 videtur
635 4010 680 4080 ad
698 4008 942 4080 illustrandam
960 4007 1097 4078 Xerxis
1118 4029 1213 4098 mag·

164 4125 392 4211 nilioentiam,
409 4128 509 4220 cujus
527 4126 632 4197 simul
650 4127 687 4196 in
705 4149 776 4195 uno
797 4126 958 4196 exercitu
981 4123 1213 4194 militaverint

594 4287 609 4324 ¹¹
628 4289 702 4341 Pers.
718 4301 778 4357 700.
