2738 4866
225 313 291 380 870
381 313 537 378 Maritum
551 336 573 376 ο
590 311 944 400 Olytaemuestrasriqida
957 312 1065 399 ωοῖρῖ.
1111 332 1269 402 raam

225 496 325 580 parte
351 509 432 558 oum
455 509 606 579 supema
623 486 772 557 veritate
790 486 1078 556 eonsentientem
1103 509 1188 564 eum
1205 486 1270 561 ‚ha

225 600 360 672 bemus.
412 601 554 672 Doeent
579 604 709 695 quippe
736 600 850 673 Vates
879 602 978 683 saori,
1004 602 1150 672 nomina
1177 602 1270 693 apud

224 717 396 809 populum
424 716 493 789 Dei
524 718 597 787 dari
629 717 837 808 plerumque
863 740 934 787 non
964 718 1040 787 sine
1065 717 1175 789 Deo:
1202 740 1270 786 non

224 833 300 902 sine
325 833 580 927 significatione
604 835 765 926 quadam,
783 857 860 924 quae
885 832 930 903 ed
955 833 1123 916 indolem,
1144 854 1269 916 mores,

225 946 384 1019 fortunas
413 951 584 1041 cujusque
612 950 797 1041 pertineat.
851 948 907 1017 Ex
933 971 1004 1039 quo
1029 947 1192 1032 efficitur,
1216 947 1269 1018 vel

225 1083 354 1133 nomen
379 1064 494 1155 ipsum
511 1063 732 1156 appellando,
750 1087 820 1155 quo
837 1062 915 1154 quis
932 1062 1147 1145 nominetur,
1166 1071 1270 1132 tesse-

224 1195 300 1244 ram
330 1175 507 1267 quandam
537 1176 719 1267 presentis
748 1177 822 1246 dari
853 1175 1035 1246 Numinis.
1088 1175 1197 1258 Adeo
1227 1198 1269 1248 ne

225 1289 400 1360 trivialem
421 1290 565 1383 quidem
594 1313 670 1362 rem
696 1292 828 1384 absque
850 1292 930 1361 Deo
959 1291 1034 1361 fieri
1057 1292 1270 1385 voluitque

226 1416 302 1476 erat
319 1408 463 1497 pietate,
480 1407 705 1501 gravissimus
722 1408 880 1499 omnium
899 1406 1022 1477 Poeta.

277 1521 415 1593 Verum
441 1523 625 1593 redeamus
655 1525 699 1592 ad
724 1523 1050 1615 Clytaemnestram
1082 1546 1161 1615 quae
1190 1546 1270 1613 oum

225 1638 354 1731 primas
372 1638 446 1709 iere
463 1647 580 1730 partes
596 1648 679 1733 agat
696 1640 733 1708 in
750 1661 792 1709 ea
808 1638 1003 1732 Tragoedia,
1017 1641 1118 1731 eujus
1134 1663 1271 1710 summa

225 1755 281 1837 sit,
300 1755 458 1825 Deorum
480 1754 738 1847 providentiam
756 1756 869 1837 tueri;
895 1778 966 1824 non
992 1755 1054 1824 abs
1076 1780 1114 1826 re
1139 1758 1220 1837 erit,
1243 1757 1269 1826 si

225 1893 337 1963 pauca
353 1873 513 1964 quaedam
536 1871 826 1963 afferemus-quae
849 1870 999 1941 doceant
1017 1871 1074 1941 vel
1099 1871 1145 1942 ab
1171 1872 1270 1942 initio

225 1989 381 2059 oriminis
410 1989 519 2060 tacite
545 1989 700 2080 torqueri
725 2010 814 2069 eam,
841 1988 993 2080 angique
1023 1990 1153 2072 auimo,
1177 2011 1271 2079 caeca

226 2105 392 2175 videlieet
413 2104 627 2175 conscientia
650 2104 805 2174 numinis
825 2104 915 2175 irati.
966 2103 1024 2174 Αο
1041 2105 1150 2176 velim
1170 2129 1271 2175 aecu-

225 2221 334 2291 ratius
360 2244 439 2291 earu
465 2229 662 2312 componat
680 2219 806 2312 aliquis
824 2244 907 2291 eum
926 2245 1037 2292 uxore
1055 2221 1269 2301 Machethis‚

225 2338 364 2408 intenta
382 2338 460 2429 jam
485 2336 596 2407 atrooi
622 2337 828 2429 parricidi0;
855 2360 935 2436 quae
960 2360 1040 2407 ourn
1068 2337 1169 2408 nulla
1193 2337 1270 2407 reli·

225 2454 331 2545 gione
356 2461 529 2534 teneatur,
551 2475 597 2522 ne
624 2453 732 2522 violet
754 2439 902 2545 hospitis
925 2453 1012 2546 regii
1029 2454 1151 2537 vitam,
1168 2455 1270 2523 mira-

225 2567 297 2637 bile
323 2577 378 2637 est
403 2590 510 2659 quam
536 2566 633 2636 nullo
660 2567 814 2660 negotio,
839 2567 933 2637 facili
954 2569 1105 2659 quadam
1131 2570 1270 2639 urbani-

224 2691 300 2752 tate
326 2704 397 2763 usa,
414 2681 510 2751 huno
532 2683 648 2772 ipsum
669 2683 917 2755 advenientem
943 2683 1107 2774 excipiat.
1165 2684 1269 2767 Quod

225 2807 358 2878 eontra,
376 2798 506 2878 durius,
524 2798 635 2866 invita
648 2798 745 2887 quasi
766 2796 940 2880 Minerva,
957 2798 1112 2889 profiteri
1131 2800 1271 2869 videtur

226 2913 493 3006 Clytaemnestra
527 2934 626 2981 suam
657 2913 701 2981 de
730 2913 857 2981 marito
887 2912 1032 2982 absente
1062 2912 1271 2983 sollieitudi-

225 3053 317 3098 nem.
380 3028 567 3120 Principio,
598 3026 658 3096 illa
688 3049 793 3117 quam
828 3027 964 3121 frigida,
996 3052 1065 3120 quo
1100 3032 1272 3123 temporis

224 3155 357 3237 puncto
385 3146 514 3215 certior
540 3145 592 3226 fit,
620 3143 760 3234 Trojam
793 3145 898 3213 armis
925 3143 1113 3213 Graiorum
1150 3170 1273 3217 suaeu-

224 3261 340 3330 buisse
351 3271 368 3318 ⁸
381 3261 386 3327 !

434 3357 587 3424 άνωλοἍυξα
598 3357 645 3425 μὲν
656 3358 736 3410 πάλαι
748 3359 830 3426 χαρᾶς
842 3358 901 3418 ὑπὸ,

435 3442 471 3497 ὅτ’
485 3442 542 3510 ἢλθ
556 3447 570 3496 ὁ
582 3449 684 3514 πρῶτος
695 3433 782 3513 νυχίος
793 3443 905 3514 ἅγγελος
916 3443 1005 3513 πυρὸς,

435 3529 541 3598 φράζων
551 3528 651 3584 ἅλωσιν
661 3529 741 3583 Ἰλίου
753 3528 774 3582 τ’
786 3529 938 3583 ἀνάστασιν.

435 3615 477 3667 κοί
488 3637 527 3669 τις
538 3614 563 3684 ρ’
577 3615 684 3669 ἐνίπτων
696 3610 759 3678 εἶπε,
772 3616 930 3684 φρυκτώρων
942 3614 984 3666 διὰ

434 3699 583 3762 πεισθεῖσα,
596 3702 689 3769 Τροίαν
701 3704 745 3755 νῦν
755 3701 935 3770 πεπορθῆσθαι
947 3700 1030 3755 δοκεῖς
1038 3721 1058 3764 3.
1069 3740 1075 3755 .
1087 3739 1111 3755 ..

435 3785 505 3842 ὅπως
516 3785 538 3840 δ’
552 3786 647 3856 ἅριστο
659 3790 703 3842 τὸν
716 3788 777 3855 ε’μὸν
788 3787 884 3841 αἰδοῖον
895 3789 974 3841 πόσιν

435 3871 544 3926 σπεύσω
555 3874 634 3927 πάλιν
644 3876 758 3942 μόλοντο
770 3872 902 3942 δεξάσθω·
922 3871 947 3926 τῖ
958 3873 1009 3942 γὰρ

435 3958 533 4025 γυναικὶ
546 3948 638 4011 τούτοιν
650 3957 751 4029 φέγγος
762 3959 833 4026 ἥδιον
844 3959 954 4029 δρακεῖν,

435 4042 486 4096 άπὸ
499 4045 636 4112 στρατείας
646 4045 728 4115 ἀνδρὶ,
742 4046 876 4101 σώσαντος
888 4045 956 4108 θεοῦ,

435 4128 520 4185 πάλας
531 4129 630 4198 ἀνοῖξαι
637 4153 646 4194 3
665 4129 734 4185 ταῦτ’
748 4130 906 4201 ἀπάγγειλον
916 4133 1003 4192 πόσει,

435 4216 504 4283 ἥκειν
515 4214 584 4274 ὅπως
596 4217 707 4290 τάχιστ’,
720 4216 844 4288 ἐράσμιον
855 4219 938 4270 πόλει.

648 4355 765 4422 εΑροιιι.
780 4367 841 4424 570.
