2738 4866
164 319 227 382 168
431 318 564 402 hermini
577 318 613 380 dc
630 319 944 402 Odyasaiojada‘cc'um.
1055 345 1150 384 rann.
1163 344 1206 383 xr.

165 491 283 580 magni
317 487 478 579 Longini,
514 489 620 556 toties
654 489 691 556 in
727 487 928 558 Homericis
962 490 1206 560 decantatam:

162 626 239 694 quae
266 603 409 695 quidem
437 602 512 672 sola
537 602 647 672 semel
678 612 820 694 recepta
844 626 1010 696 magnam
1036 607 1206 697 ejusmodi

164 727 445 788 commentorum
482 719 553 786 vim
589 717 732 788 delebit.
786 718 967 789 Videlicet
1002 722 1056 788 vir
1090 743 1206 812 sagax,

162 844 200 904 et
225 833 384 914 Homeri,
403 834 430 902 si
453 832 651 923 quisalius,
676 834 927 924 perstudiosus,
946 836 1039 904 visus
1056 840 1118 905 'est
1142 835 1205 905 sibi

163 949 434 1042 deprehendisse
460 951 496 1017 in
518 946 689 1040 Odysseia
712 972 783 1017 non
807 951 971 1020 obscuras
993 953 1205 1022 senescentis

162 1067 283 1136 Poetae
301 1074 432 1134 notas&

213 1181 281 1262 Τῆς
298 1180 356 1262 μὲν
370 1176 524 1258 Ἰλιάδος,
543 1180 756 1274 γραφομένης
774 1181 805 1248 ἐν
822 1181 907 1272 ἀκμῇ
919 1183 1113 1264 πνεύματος,
1128 1183 1203 1252 ὅλον

160 1295 203 1367 τὸ
221 1293 388 1378 σωμάτιον
410 1293 608 1390 δραματικὸν
630 1297 844 1375 ὑπεστήσατο
866 1295 918 1364 καὶ
941 1297 1123 1388 ἐναγώνιον·
1150 1305 1204 1378 τῆς

163 1412 196 1482 δὲ
212 1410 405 1484 Ὀδυσσείας
428 1407 470 1478 τδ
491 1410 593 1477 πλέον
616 1407 858 1500 διηγηματικὸν,
883 1410 965 1506 ὅπερ
987 1410 1070 1481 ἰ’διον
1092 1416 1203 1507 γήρως.

155 1527 259 1598 Ὅθεν
285 1529 316 1595 εὐ
341 1532 384 1618 τῇ
410 1523 587 1613 Ὀδυσσείᾳ
616 1520 812 1619 παρεικάσαι
839 1555 890 1601 τις
914 1521 953 1594 ἂν
982 1524 1204 1615 καταδυομίνῳ

161 1641 221 1712 τάν
238 1640 394 1735 Ὅμηρον
418 1641 508 1728 ἡλίῳ,
526 1641 563 1709 οῦ
586 1637 663 1734 δίχα
686 1647 744 1719 τῆς
766 1636 1003 1733 σφοδρότητος
1028 1641 1202 1736 παραμένει

160 1873 233 1943 ἴσον
249 1874 387 1942 ἐνταῦθα
405 1867 502 1966 σώζει
519 1869 579 1939 τὸν
596 1870 704 1952 τόνον,
724 1869 788 1939 οὐδ’
806 1867 1054 1961 ἐξωμαλισμένον
1072 1869 1117 1942 τὰ
1132 1870 1151 1941 d
1186 1904 1203 1952 η

161 1991 213 2059 καί
235 1985 382 2085 ἱζήματα
406 1983 556 2067 μηδαμοῦ
578 1983 807 2072 λαμβάνοντα,
836 1983 907 2054 οῦδὲ
931 1985 992 2065 τὴν
1017 1987 1204 2082 πρόσχυσιν

160 2103 276 2185 ὁμοίαν
299 2107 364 2170 τῶν
385 2097 582 2179 ε’παλλῆλων
601 2098 725 2183 πείθων,
744 2098 814 2168 οῦδὲ
831 2097 873 2168 τδ
891 2099 1138 2196 ἀγχίστροφον
1153 2101 1202 2168 καί

161 2215 346 2299 πολιτικὸν,
362 2216 413 2284 καί
431 2225 504 2290 ταῖς
524 2217 557 2282 ἐκ
578 2223 636 2294 πῆς
659 2215 812 2295 ἀληθείας
835 2215 1038 2309 φαντασίαις
1061 2245 1203 2285 καταπε-

160 2329 369 2411 πυκνωμίνον·
396 2330 483 2409 ἀλλ’,
502 2326 570 2398 οἷον
587 2331 837 2424 ὑποχωροῦντος
860 2331 902 2403 εἰς
927 2325 1043 2398 ἑαυτὸν
1069 2330 1202 2398 ὠκεανοῦ

159 2447 211 2516 καί
228 2446 303 2541 περί
321 2443 364 2515 πά
381 2443 446 2513 ’ίδια
463 2444 571 2539 με’τρα
589 2444 812 2539 ἐρημουμὲνου,
830 2442 872 2513 τδ
889 2441 1010 2512 λοιπὸν
1027 2443 1201 2538 φαίνονται

159 2567 220 2631 τοῦ
235 2560 392 2651 μεγέθους
409 2557 592 2639 ἀμπώτιδες
616 2557 674 2627 κάν
694 2568 767 2633 ταῖς
788 2556 946 2639 μυθώδεσι
973 2559 1025 2627 καί
1048 2559 1202 2632 ἀπίστοις

159 2673 308 2751 πλάναις.
360 2672 480 2765 Λὲγων
508 2672 541 2742 δὲ
569 2675 662 2744 ταῦτ’
687 2675 742 2742 οῦκ
767 2674 987 2755 ε’πιλὲλησμαι
1014 2678 1080 2744 τιῦν
1106 2675 1137 2743 ε’ν
1161 2680 1202 2765 τῇ

159 2789 335 2879 Ὀδυσσείᾳ
364 2791 537 2882 χειμώνων,
564 2788 616 2856 καί
650 2794 714 2857 τῶν
748 2787 823 2883 περί
850 2785 909 2858 τὸν
945 2787 1124 2870 Κύκλωπα,
1151 2789 1203 2857 καί

158 2938 252 2976 τινων
286 2903 405 2973 ἀλλων·
445 2902 536 2972 ἀλλὰ
567 2911 671 2998 γῆρας
701 2901 883 2994 διηγοῦμαι,
920 2911 1024 2997 γῆρας
1058 2902 1085 2972 δ
1120 2903 1202 2984 ὅμως

155 3020 313 3115 Ὀμήρου.

208 3134 297 3203 Haec
313 3132 393 3202 ille:
421 3135 477 3201 cui
494 3133 680 3202 nobiscum
697 3135 749 3202 ita
766 3134 941 3213 convenit,
960 3141 1001 3201 ut
1023 3131 1202 3223 aliquanto

158 3259 277 3319 tamen
308 3247 596 3316 honorificentius
624 3249 668 3316 de
696 3256 775 3317 toto
803 3247 959 3318 carmine
989 3249 1201 3317 sentiamus:

157 3363 281 3444 multa,
309 3362 436 3453 quibus
466 3361 526 3429 ille
556 3364 801 3432 excusationes
827 3366 962 3454 quaerit,
995 3386 1060 3432 nos
1095 3364 1201 3432 etiam

157 3479 253 3548 laudi
271 3478 394 3546 demus
412 3476 582 3545 Homero.
634 3477 740 3560 Quod
759 3486 878 3547 autem
897 3469 1110 3569 improbavit
1127 3498 1203 3568 spe·

157 3597 252 3664 ciosa
278 3593 339 3663 illa
369 3591 548 3672 miracula,
576 3591 680 3683 plane
710 3595 809 3682 quasi
840 3593 1023 3663 delirantis
1057 3593 1201 3672 somnia,

161 3732 284 3778 vereor
299 3731 345 3778 ne
368 3708 518 3776 nimium
537 3709 701 3776 tribuerit
728 3708 854 3777 saeculo
877 3732 952 3778 suo.
1003 3709 1087 3779 Jam
1108 3711 1201 3777 enim

158 3823 235 3894 Diis
252 3826 323 3894 suis
344 3823 544 3892 labentibus
561 3823 764 3912 quaerebant
787 3825 1022 3915 undequaque
1048 3824 1203 3893 subsidia

157 3939 343 4009 Rhetores.
412 3937 542 4028 Neque
577 3960 701 4029 parum
736 3938 908 4008 molestiae
942 3940 1076 4021 attulit,
1110 3941 1202 4031 quod

159 4055 318 4122 Homero
336 4055 411 4143 ipso
429 4061 533 4136 teste,
551 4053 642 4122 levia
660 4052 748 4122 adeo
766 4076 807 4122 ac
830 4054 1035 4124 numinibus
1059 4056 1203 4147 indigna

157 4168 213 4240 vel
231 4167 478 4236 vetustissimis
495 4166 704 4235 adhaeserint
722 4169 836 4236 sacris.

533 4327 546 4354 a
565 4313 630 4380 Περὶ
643 4310 736 4383 ὕφους,
751 4314 776 4378 §.
790 4330 815 4381 9.
