2738 4866
224 306 268 371 64
398 309 558 372 Primordc'
572 311 666 373 molta
682 309 827 387 tacebunt,
843 321 922 374 motu
935 311 1071 374 riddculi.
1132 333 1227 373 nnnc.
1241 334 1270 374 v.

225 467 394 550 sentiunt,
425 477 467 536 ut
502 467 567 535 sibi
603 469 750 558 quisque
789 468 919 538 habeat
953 491 1083 539 nomen
1117 470 1271 560 aliquod,

225 605 298 672 prae
329 583 467 652 eaeteris
502 605 622 651 carum
653 606 694 652 ac
724 583 946 653 venerabile:
988 585 1081 675 quod
1108 586 1197 653 adeo
1226 607 1271 654 ne

225 698 397 766 nominari
432 699 585 786 quidem,
621 698 688 766 nisi
724 698 829 790 digne
863 722 980 767 coram
1015 700 1139 790 dignis,
1175 699 1271 767 velit.

226 811 365 902 Dignus
382 819 513 891 autem,
533 811 593 901 qui
611 813 680 880 ista
702 813 832 891 audiat,
852 813 912 880 vix
936 835 1027 882 unus
1050 813 1210 903 alterque
1227 814 1271 882 de

224 925 347 994 multis
365 925 563 994 videbitur:
592 934 721 1016 quotus
744 928 838 994 enim
858 929 1005 1017 quisque
1022 927 1185 1019 flagranti
1201 950 1272 995 non

225 1043 394 1135 frigebit?
435 1043 522 1133 quis,
558 1053 738 1112 commoto
773 1044 917 1113 alterius
952 1046 1081 1126 animo,
1116 1045 1201 1114 satis
1235 1067 1272 1113 sc

225 1156 464 1225 commovebit
482 1164 589 1246 atque
607 1156 754 1226 efferet?

276 1271 395 1351 Porro,
423 1293 505 1339 cum
536 1280 640 1340 acute
671 1282 816 1341 cernent
846 1271 1018 1350 homines.
1048 1297 1128 1363 quae
1156 1273 1202 1341 ad
1232 1295 1274 1341 ea

225 1395 396 1477 spectant,
415 1409 496 1476 quae
520 1386 585 1454 sibi
604 1386 706 1455 valde
732 1395 814 1455 sunt
836 1387 954 1469 cordi3
980 1388 1109 1456 mirum
1130 1390 1168 1457 ni
1192 1388 1274 1456 ridi-

225 1500 295 1569 culi
320 1523 459 1590 quoque
483 1509 585 1569 metu
610 1501 791 1569 retrahant
815 1524 852 1570 se
878 1501 1081 1592 frequenter
1105 1526 1147 1572 ac
1173 1525 1272 1571 revo-

226 1624 319 1696 cent,
337 1616 398 1705 qui
424 1612 509 1685 alies
535 1616 694 1705 erupturi
722 1625 823 1685 erant
844 1617 880 1684 in
902 1616 1146 1687 ardentissima
1167 1619 1275 1687 verba

227 1751 410 1818 vocesque.
464 1728 559 1809 Quid
578 1729 673 1795 enim
691 1727 839 1796 ridiculo
857 1729 1009 1819 propius,
1026 1753 1133 1821 quam
1150 1753 1274 1823 graves

226 1846 423 1914 animorum
440 1851 558 1912 motus
579 1851 617 1911 et
634 1844 838 1926 certamina,
856 1844 956 1912 nullo
977 1867 1109 1926 eorum,
1127 1847 1190 1936 qui
1215 1845 1275 1914 ad-

226 1966 331 2039 stant,
350 1981 531 2040 consensu,
549 1958 648 2027 nullo
665 1959 781 2027 mutui
799 1958 946 2028 affectus
964 1960 1117 2030 indicio?
1152 1960 1274 2030 Surdis

226 2096 352 2143 canere
382 2082 419 2142 et
449 2073 587 2154 saltare,
620 2074 779 2164 quamvis
810 2072 1002 2165 eleganter,
1032 2072 1274 2156 nihil,'credo,

226 2189 366 2257 attinet.
418 2188 592 2258 Juvenilis
620 2188 763 2278 quidem
794 2196 882 2257 aetas
910 2190 944 2256 vi
973 2190 1125 2278 quadam
1151 2189 1274 2271 fertur,

226 2327 341 2394 neque
358 2313 432 2373 tam
450 2304 599 2395 negligit
613 2303 698 2392 quid
715 2302 774 2372 alii
793 2305 959 2385 sentiant,
978 2326 1084 2394 quem
1100 2313 1275 2394 procerte

227 2420 344 2500 sumit,
373 2420 459 2489 alios
489 2419 544 2488 sui
573 2419 705 2488 similes
735 2418 821 2486 fore.
884 2418 956 2488 Sed
987 2419 1059 2487 cito
1089 2417 1146 2486 vel
1173 2419 1275 2487 inviti

227 2535 398 2602 docentur
416 2533 503 2601 illud
523 2532 736 2624 Epicharmi,

352 2703 429 2770 Νᾶᾡε
441 2701 482 2754 καὶ
493 2700 602 2770 μέμψαιτ’
615 2701 742 2754 ἀπιστεῖν·
762 2700 845 2770 ἄρθρα
856 2703 936 2753 ταῦτα
948 2706 999 2755 τῶν
1007 2700 1118 2771 ᾠρένων.

227 2865 372 2954 Ineptos
390 2886 427 2932 se
444 2863 564 2932 haberi
583 2885 665 2931 cum
689 2863 759 2931 suis
777 2863 956 2953 tragoediis
974 2864 1153 2945 sentiunt3
1181 2865 1273 2953 quod

226 2981 287 3049 ubi
317 2979 427 3049 semel
457 2987 563 3069 atque
593 2979 723 3046 iterum
753 2978 882 3056 evenit,
913 2978 1001 3046 nihil
1031 2986 1106 3048 tam
1138 2979 1274 3049 solicite

222 3102 346 3186 agunt,
370 3116 475 3184 quam
501 3100 543 3161 111
569 3115 620 3174 ca,
644 3092 771 3182 quibus
799 3091 1030 3174 delectantur,
1052 3115 1074 3160 a
1099 3092 1209 3185 vulgo
1239 3102 1275 3162 et

226 3231 330 3278 scene
350 3209 386 3276 in
408 3216 543 3276 secreta
565 3214 790 3289 removeant3
819 3229 864 3274 ne
885 3206 1072 3297 aliquando
1093 3229 1198 3276 cursu
1219 3231 1274 3277 ca·

226 3323 340 3392 lentes
357 3322 474 3391 subito
492 3322 591 3413 quasi
608 3321 738 3412 frigore
756 3322 833 3411 quis
852 3321 963 3390 feriat.

277 3437 337 3507 Ne
360 3437 492 3506 multa:
520 3459 599 3527 quae
623 3434 683 3504 lex
712 3457 834 3503 omnes
862 3441 971 3514 tenet,
995 3456 1037 3501 ea
1061 3432 1275 3502 Poetisim-

225 3553 345 3645 pn'mis
374 3549 618 3630 conveniebat,
640 3548 693 3617 Ut
720 3571 790 3638 quo
815 3549 894 3636 quis
920 3547 1053 3638 aliquid
1080 3545 1273 3636 impensius

224 3678 316 3760 agat,
334 3689 377 3735 eo
394 3665 532 3758 parcius
548 3663 757 3755 plerumque
775 3662 907 3732 laudet.

276 3896 424 3975 Verum,
442 3901 484 3961 ut
505 3894 589 3961 satis
609 3892 692 3960 huic
717 3891 795 3961 loco
813 3892 886 3971 fiat,
905 3890 1146 3981 expendemus
1163 3891 1271 3973 brevi,

226 4023 357 4103 quanta
373 4011 448 4098 ejus
465 4007 587 4076 habita
604 4007 649 4076 sit
666 4007 756 4075 ratio
781 4006 877 4074 omni
895 4014 1066 4096 tempore,
1083 4012 1120 4073 et
1138 4027 1160 4073 c
1177 4027 1272 4075 sum-

225 4125 292 4191 mis
314 4123 455 4213 quidem
482 4121 573 4200 viris,
596 4121 633 4188 in
659 4142 797 4211 quaque
823 4119 966 4210 regione
991 4119 1075 4187 artis
1098 4118 1270 4208 poeticae:

226 4238 388 4328 primum,
411 4236 505 4325 quod
525 4235 626 4303 inviti
653 4233 693 4304 ac
719 4257 796 4303 raro
823 4256 881 4303 eas
907 4256 962 4302 res
985 4239 1047 4302 aut
1069 4233 1270 4326 depingere,
