2738 4866
165 327 260 368 rann.
273 329 318 370 αι.
371 307 573 392 Polypbcrrars
587 307 621 369 ia
634 305 759 369 crictm
770 325 857 367 suom
870 305 1007 368 banton
1153 305 1217 366 183

165 492 208 538 ea
225 469 387 539 barbarie
408 470 567 539 infames.
620 467 713 536 Fieri
739 474 860 534 tamen
886 465 1004 555 potuit
1026 474 1068 533 ut
1093 486 1216 533 eorum

166 584 329 676 mapalia,
347 586 456 676 siquis
473 586 510 653 in
527 607 570 653 ea
587 605 699 653 vacua
716 583 881 661 venisset,
903 603 974 649 non
991 581 1219 648 mediocriter

165 699 324 768 animum
342 708 483 770 motura
506 702 586 780 sint,
605 699 736 767 rustica
753 697 905 787 quadarn
924 704 962 764 et
983 718 1105 764 secura
1129 718 1216 786 opu-

165 814 286 884 lentia.

213 930 336 999 Unum
357 929 494 1011 addam,
513 929 606 1020 quod
628 950 731 1018 paeue
748 927 911 1016 praeterii,
929 948 975 993 ne
993 925 1084 993 forte
1105 925 1216 1015 suspi-

163 1053 264 1114 cetur
281 1045 408 1135 aliquis
425 1065 496 1112 non
514 1044 608 1112 bene
629 1042 818 1111 convenire
839 1063 921 1110 cum
944 1043 1055 1110 atroci
1073 1041 1215 1132 ingenio

163 1140 373 1251 Polyphemi
400 1180 598 1228 sermonem
625 1180 707 1226 curn
739 1158 850 1225 ariete
880 1155 1054 1238 habitum,
1084 1157 1216 1226 suavis-

163 1274 258 1345 simis
276 1275 466 1345 versibusa

303 1419 357 1487 κριὲ
368 1417 459 1480 πέπον,
472 1417 498 1471 τι’
508 1438 552 1486 μοι
565 1416 614 1469 ὧδε
627 1415 669 1469 διὰ
681 1414 764 1470 σπέος
775 1416 859 1469 έσσνο
871 1414 960 1484 μήλων

304 1501 416 1558 ὕστατος
422 1524 431 1566 3
451 1506 506 1556 οὔτι
517 1500 599 1572 πάρος
610 1523 642 1571 γε
652 1500 821 1568 λελείμμενος
832 1501 920 1570 ἔρχεαι
932 1501 1001 1564 οἰῶν,

301 1586 370 1640 ἀλλὰ
382 1588 451 1641 πολὺ
462 1592 565 1656 πρῶτος
576 1586 662 1655 νέμεαι
675 1585 754 1654 τέρεν’
768 1585 845 1639 ἄνθεα
856 1586 941 1653 ποίης,

303 1672 387 1739 μακρὰ
398 1670 484 1735 βιβάς
505 1676 607 1739 πρῶτος
619 1671 648 1723 δὲ
659 1669 722 1739 ῥοὰς
733 1676 855 1739 ποταμῶν
866 1670 1008 1740 ἀφικάνεις.

305 1761 408 1825 πρῶτος
420 1756 448 1809 δέ
461 1755 607 1824 στάθμονδε
618 1757 732 1809 λιλαίεαι
744 1756 900 1810 ἀπονέεσθαι

304 1843 432 1911 ἑσπερίος·
452 1847 496 1896 νῦν
508 1841 569 1896 οὗτε
580 1841 751 1898 πανύστατος·
771 1841 786 1909 ἦ
800 1841 834 1896 σύ
848 1841 872 1913 γ’
885 1843 992 1898 ἄνακτος

302 1927 441 1997 ὀφθαλμὸν
451 1927 571 1991 ποθέεις;
590 1929 636 1981 τὸν
647 1928 711 1996 ἀνὴρ
724 1927 799 1982 κάκος
811 1927 969 1996 έξαλάωσεν.
980 1970 987 1983 .
999 1969 1005 1984 .
1016 1969 1022 1984 .

303 2015 325 2066 εἶ
337 2015 367 2082 δὴ
381 2013 559 2084 ὁμοφρονέοις·
577 2013 749 2081 ποτιφωνήεις
761 2035 789 2066 τε
801 2012 894 2083 γένοιο,

301 2101 391 2164 εἰπεῖν,
404 2099 473 2168 ὅππη
487 2103 569 2156 κεῖνος
581 2100 642 2167 ἐμὸν
653 2098 728 2168 μένος
739 2097 887 2166 ἠλασκάζει.

162 2219 282 2289 Petita
305 2232 388 2289 sunt
415 2220 490 2289 haec
519 2221 564 2290 ab
587 2221 713 2289 intima
741 2219 903 2291 Natura:
943 2244 1026 2292 nam
1051 2221 1212 2293 homines

160 2335 317 2425 alioquin
350 2336 527 2405 durissimi
557 2357 628 2403 non
658 2358 735 2403 raro
767 2337 941 2404 teneriore
975 2345 1058 2404 sunt
1092 2337 1210 2407 indole

115 2484 117 2490 ·
160 2473 243 2543 erga
266 2471 371 2519 canes
389 2471 469 2519 suos
496 2458 533 2518 et
559 2473 678 2540 equos,
697 2458 734 2518 et
758 2452 911 2541 siquam
937 2450 1038 2518 alunt
1060 2450 1211 2520 bestiam

161 2565 271 2634 animi
295 2588 420 2634 causa:
447 2564 614 2634 videlicet
635 2565 903 2654 erumpentibus
920 2565 1019 2655 quasi
1037 2566 1210 2647 scintillis,

161 2703 247 2771 quas
289 2681 386 2749 intus
429 2680 564 2760 fovent,
597 2679 814 2748 humanioris
857 2680 999 2771 ingenii.
1069 2681 1210 2772 Quippe

160 2795 291 2863 morosi
309 2806 348 2863 et
365 2788 502 2864 atroces
520 2795 578 2864 isti
595 2794 730 2863 habent
753 2795 962 2886 plerumque
989 2819 1060 2864 non
1085 2820 1210 2887 parum

159 2908 385 3001 arrogantiae:
411 2912 522 3000 pudet
540 2911 707 3002 pigetque
730 2933 849 2978 coram
867 2911 1019 2980 testibus
1043 2912 1208 3003 mitigari,

160 3035 197 3096 et
232 3025 410 3094 molliores
445 3023 633 3116 aliquando
671 3025 768 3106 fieri;
815 3025 935 3115 itaque
978 3027 1096 3094 nescio
1138 3050 1209 3117 quo

159 3142 329 3211 instinctu
357 3162 417 3209 eos
445 3140 511 3209 sibi
540 3136 701 3232 deligunt
736 3143 878 3222 amicos,
909 3143 969 3232 qui
1000 3143 1133 3210 nemini
1163 3167 1210 3212 ne

159 3256 289 3323 mutire
307 3248 451 3345 quidem
468 3255 613 3345 possint.
666 3253 811 3339 Norunt
829 3252 950 3324 omnes
967 3279 1098 3345 equum
1116 3255 1214 3324 Cali-

157 3368 259 3460 gulae,
277 3368 408 3437 Tiberii
426 3369 635 3437 draconem:
662 3391 778 3459 neque
796 3368 891 3437 aliud
910 3369 1057 3438 fortasse
1079 3370 1212 3461 agebat·

159 3491 384 3573 contemptor
410 3483 470 3552 ille
493 3483 626 3551 Divum
650 3482 864 3566 Mezentius,
887 3483 1018 3574 equum
1042 3484 1217 3560 flebiliter

157 3620 198 3666 ao
217 3598 373 3666 suaviter
389 3598 478 3666 adeo
496 3597 673 3671 allocutus
680 3607 708 3678 Χ,

300 3739 412 3802 Rhoebe,
426 3730 482 3802 diu,
494 3757 537 3792 res
550 3740 573 3792 si
585 3757 639 3810 qua
651 3740 698 3793 diu
710 3741 867 3794 mortalibus
879 3743 934 3794 ulla
945 3748 994 3803 est,

298 3824 423 3877 Viximus
426 3863 938 3880 ..............................
938 3877 940 3879 ,
948 3867 954 3881 .

155 3946 362 4015 Pertinebat
379 3947 503 4037 utique
525 3946 570 4014 ad
592 3948 705 4037 ipsam
729 3947 998 4029 humanitatem,
1016 3948 1146 4038 asperis
1162 3974 1211 4018 ac·

153 4058 365 4128 truculentis
382 4059 488 4128 rebus
504 4057 694 4128 immisceri
714 4063 874 4151 quaedam
893 4064 1034 4131 mitiore
1053 4084 1151 4132 vena.

299 4292 315 4320 ¹²
334 4282 387 4347 Od.
400 4285 436 4338 ix.
449 4297 511 4353 447.
849 4295 863 4322 Χ
882 4286 946 4340 AEn.
961 4305 986 4340 x.
1000 4285 1060 4340 861.
