<?xml version="1.0" encoding="UTF-8"?>
<!DOCTYPE html PUBLIC "-//W3C//DTD XHTML 1.0 Transitional//EN"
    "http://www.w3.org/TR/xhtml1/DTD/xhtml1-transitional.dtd">
<html xmlns="http://www.w3.org/1999/xhtml" xml:lang="en" lang="en">
 <head>
  <title>
</title>
<meta http-equiv="Content-Type" content="text/html;charset=utf-8" />
  <meta name='ocr-system' content='tesseract 3.04.00' />
  <meta name='ocr-capabilities' content='ocr_page ocr_carea ocr_par ocr_line ocrx_word'/>
</head>
<body>
  <div class='ocr_page' id='page_1' title='image "./depoeticaevimed01keblgoog_0099.png"; bbox 0 0 2738 4866; ppageno 0'>
   <div class='ocr_carea' id='block_1_1' title="bbox 216 327 1268 427">
    <p class='ocr_par' dir='ltr' id='par_1_1' title="bbox 216 327 1268 427">
     <span class='ocr_line' id='line_1_1' title="bbox 216 327 1268 427; baseline 0.001 -20"><span class='ocrx_word' id='word_1_1' title='bbox 216 343 259 408; x_wconf 90' lang='lat'>90</span> <span class='ocrx_word' id='word_1_2' title='bbox 294 340 459 403; x_wconf 71' lang='lat' dir='ltr'>Hammon</span> <span class='ocrx_word' id='word_1_3' title='bbox 473 341 597 404; x_wconf 76' lang='lat' dir='ltr'>coasilio</span> <span class='ocrx_word' id='word_1_4' title='bbox 612 340 751 425; x_wconf 73' lang='lat' dir='ltr'>dabpt&#39;aae</span> <span class='ocrx_word' id='word_1_5' title='bbox 764 340 850 405; x_wconf 79' lang='lat' dir='ltr'>draeo</span> <span class='ocrx_word' id='word_1_6' title='bbox 864 340 934 406; x_wconf 75' lang='lat' dir='ltr'>delli</span> <span class='ocrx_word' id='word_1_7' title='bbox 948 352 1087 427; x_wconf 63' lang='lat' dir='ltr'>must.</span> <span class='ocrx_word' id='word_1_8' title='bbox 1105 327 1199 406; x_wconf 72' lang='lat' dir='ltr'>asur.</span> <span class='ocrx_word' id='word_1_9' title='bbox 1214 367 1268 408; x_wconf 87' lang='lat' dir='ltr'>vu.</span> 
     </span>
    </p>
   </div>
   <div class='ocr_carea' id='block_1_2' title="bbox 213 501 1269 1727">
    <p class='ocr_par' dir='ltr' id='par_1_2' title="bbox 216 501 1269 827">
     <span class='ocr_line' id='line_1_2' title="bbox 217 501 1266 602; baseline 0.006 -25"><span class='ocrx_word' id='word_1_10' title='bbox 217 509 290 591; x_wconf 84' lang='lat' dir='ltr'>bat,</span> <span class='ocrx_word' id='word_1_11' title='bbox 321 507 414 598; x_wconf 93' lang='lat' dir='ltr'>quod</span> <span class='ocrx_word' id='word_1_12' title='bbox 450 501 560 577; x_wconf 86' lang='lat' dir='ltr'>unum</span> <span class='ocrx_word' id='word_1_13' title='bbox 595 510 708 600; x_wconf 86' lang='lat' dir='ltr'>magis</span> <span class='ocrx_word' id='word_1_14' title='bbox 743 509 814 579; x_wconf 90' lang='lat' dir='ltr'>late</span> <span class='ocrx_word' id='word_1_15' title='bbox 842 510 920 600; x_wconf 83' lang='lat' dir='ltr'>jam</span> <span class='ocrx_word' id='word_1_16' title='bbox 954 534 1089 602; x_wconf 86' lang='lat' dir='ltr'>sparsas</span> <span class='ocrx_word' id='word_1_17' title='bbox 1118 512 1266 583; x_wconf 87' lang='lat' dir='ltr'>Graeciae</span> 
     </span>
     <span class='ocr_line' id='line_1_3' title="bbox 216 622 1269 723; baseline 0.007 -33"><span class='ocrx_word' id='word_1_18' title='bbox 216 622 367 691; x_wconf 81' lang='lat' dir='ltr'><strong>familias</strong></span> <span class='ocrx_word' id='word_1_19' title='bbox 387 631 465 690; x_wconf 91' lang='lat' dir='ltr'>tum</span> <span class='ocrx_word' id='word_1_20' title='bbox 490 623 593 723; x_wconf 75' lang='lat' dir='ltr'>inter</span> <span class='ocrx_word' id='word_1_21' title='bbox 606 645 643 692; x_wconf 88' lang='lat' dir='ltr'>se</span> <span class='ocrx_word' id='word_1_22' title='bbox 670 624 858 693; x_wconf 88' lang='lat' dir='ltr'>conciliare</span> <span class='ocrx_word' id='word_1_23' title='bbox 881 633 1011 715; x_wconf 90' lang='lat' dir='ltr'>posset,</span> <span class='ocrx_word' id='word_1_24' title='bbox 1030 636 1108 695; x_wconf 90' lang='lat' dir='ltr'>tum</span> <span class='ocrx_word' id='word_1_25' title='bbox 1135 650 1182 696; x_wconf 84' lang='lat' dir='ltr'>ex</span> <span class='ocrx_word' id='word_1_26' title='bbox 1207 628 1269 705; x_wconf 63' lang='lat' dir='ltr'>ad-⁸</span> 
     </span>
     <span class='ocr_line' id='line_1_4' title="bbox 217 735 828 827; baseline 0.008 -25"><span class='ocrx_word' id='word_1_27' title='bbox 217 758 317 805; x_wconf 85' lang='lat' dir='ltr'>verso</span> <span class='ocrx_word' id='word_1_28' title='bbox 335 735 503 805; x_wconf 80' lang='lat' dir='ltr'>Asiaticis</span> <span class='ocrx_word' id='word_1_29' title='bbox 521 759 709 827; x_wconf 89' lang='lat' dir='ltr'>opponere.</span> <span class='ocrx_word' id='word_1_30' title='bbox 820 782 828 789; x_wconf 91' lang='lat'><em>-</em></span> 
     </span>
    </p>

    <p class='ocr_par' dir='ltr' id='par_1_3' title="bbox 213 850 1267 1727">
     <span class='ocr_line' id='line_1_5' title="bbox 267 850 1266 943; baseline 0.001 -24"><span class='ocrx_word' id='word_1_31' title='bbox 267 850 384 932; x_wconf 84' lang='lat' dir='ltr'>Quare</span> <span class='ocrx_word' id='word_1_32' title='bbox 418 875 481 943; x_wconf 92' lang='lat' dir='ltr'>pro</span> <span class='ocrx_word' id='word_1_33' title='bbox 515 860 592 921; x_wconf 90' lang='lat' dir='ltr'>rato</span> <span class='ocrx_word' id='word_1_34' title='bbox 627 853 728 922; x_wconf 89' lang='lat' dir='ltr'>nobis</span> <span class='ocrx_word' id='word_1_35' title='bbox 758 861 910 934; x_wconf 88' lang='lat' dir='ltr'>maneat,</span> <span class='ocrx_word' id='word_1_36' title='bbox 940 861 1056 922; x_wconf 89' lang='lat' dir='ltr'>morte</span> <span class='ocrx_word' id='word_1_37' title='bbox 1086 852 1266 923; x_wconf 71' lang='lat' dir='ltr'>Hectoris,</span> 
     </span>
     <span class='ocr_line' id='line_1_6' title="bbox 215 966 1267 1059; baseline 0.002 -25"><span class='ocrx_word' id='word_1_38' title='bbox 215 974 383 1056; x_wconf 85' lang='lat' dir='ltr'>certoque</span> <span class='ocrx_word' id='word_1_39' title='bbox 417 966 528 1058; x_wconf 87' lang='lat' dir='ltr'>Trojae</span> <span class='ocrx_word' id='word_1_40' title='bbox 556 968 723 1048; x_wconf 88' lang='lat' dir='ltr'>exscidio,</span> <span class='ocrx_word' id='word_1_41' title='bbox 750 968 922 1037; x_wconf 82' lang='lat' dir='ltr'>contineri</span> <span class='ocrx_word' id='word_1_42' title='bbox 950 990 1128 1036; x_wconf 90' lang='lat' dir='ltr'>summurn</span> <span class='ocrx_word' id='word_1_43' title='bbox 1160 978 1267 1059; x_wconf 86' lang='lat' dir='ltr'>caput</span> 
     </span>
     <span class='ocr_line' id='line_1_7' title="bbox 216 1077 1266 1164; baseline 0.005 -18"><span class='ocrx_word' id='word_1_44' title='bbox 216 1077 358 1150; x_wconf 84' lang='lat' dir='ltr'>Iliadis:</span> <span class='ocrx_word' id='word_1_45' title='bbox 395 1080 491 1150; x_wconf 84' lang='lat' dir='ltr'><strong>Iram</strong></span> <span class='ocrx_word' id='word_1_46' title='bbox 518 1080 672 1150; x_wconf 86' lang='lat' dir='ltr'>Achillis</span> <span class='ocrx_word' id='word_1_47' title='bbox 700 1083 817 1150; x_wconf 85' lang='lat' dir='ltr'>verius</span> <span class='ocrx_word' id='word_1_48' title='bbox 843 1082 913 1150; x_wconf 89' lang='lat' dir='ltr'>dici</span> <span class='ocrx_word' id='word_1_49' title='bbox 938 1081 1085 1151; x_wconf 92' lang='lat' dir='ltr'>Nodum</span> <span class='ocrx_word' id='word_1_50' title='bbox 1112 1081 1266 1164; x_wconf 89' lang='lat' dir='ltr'>Fabulae,</span> 
     </span>
     <span class='ocr_line' id='line_1_8' title="bbox 215 1195 1266 1291; baseline 0.004 -29"><span class='ocrx_word' id='word_1_51' title='bbox 215 1196 336 1284; x_wconf 82' lang='lat' dir='ltr'>(quem</span> <span class='ocrx_word' id='word_1_52' title='bbox 355 1206 458 1264; x_wconf 84' lang='lat' dir='ltr'>vocat</span> <span class='ocrx_word' id='word_1_53' title='bbox 472 1195 713 1290; x_wconf 85' lang='lat' dir='ltr'>Aristoteles),</span> <span class='ocrx_word' id='word_1_54' title='bbox 731 1220 838 1288; x_wconf 89' lang='lat' dir='ltr'>quam</span> <span class='ocrx_word' id='word_1_55' title='bbox 852 1199 963 1266; x_wconf 87' lang='lat' dir='ltr'>totius</span> <span class='ocrx_word' id='word_1_56' title='bbox 975 1200 1150 1289; x_wconf 91' lang='lat' dir='ltr'>poematis</span> <span class='ocrx_word' id='word_1_57' title='bbox 1163 1221 1266 1291; x_wconf 65' lang='lat' dir='ltr'>argu,-</span> 
     </span>
     <span class='ocr_line' id='line_1_9' title="bbox 214 1311 1266 1404; baseline 0.003 -26"><span class='ocrx_word' id='word_1_58' title='bbox 214 1319 388 1381; x_wconf 85' lang='lat' dir='ltr'>mentum.</span> <span class='ocrx_word' id='word_1_59' title='bbox 441 1311 510 1380; x_wconf 92' lang='lat' dir='ltr'>Per</span> <span class='ocrx_word' id='word_1_60' title='bbox 536 1336 616 1382; x_wconf 91' lang='lat' dir='ltr'>eam</span> <span class='ocrx_word' id='word_1_61' title='bbox 640 1336 769 1403; x_wconf 83' lang='lat' dir='ltr'>nempe</span> <span class='ocrx_word' id='word_1_62' title='bbox 790 1313 851 1381; x_wconf 90' lang='lat' dir='ltr'>diu</span> <span class='ocrx_word' id='word_1_63' title='bbox 880 1315 1020 1382; x_wconf 81' lang='lat' dir='ltr'>stetisse</span> <span class='ocrx_word' id='word_1_64' title='bbox 1048 1313 1266 1404; x_wconf 88' lang='lat' dir='ltr'>perhibetur,</span> 
     </span>
     <span class='ocr_line' id='line_1_10' title="bbox 214 1426 1266 1520; baseline 0.004 -26"><span class='ocrx_word' id='word_1_65' title='bbox 214 1449 260 1496; x_wconf 91' lang='lat' dir='ltr'>ne</span> <span class='ocrx_word' id='word_1_66' title='bbox 278 1426 394 1497; x_wconf 91' lang='lat' dir='ltr'>Danai</span> <span class='ocrx_word' id='word_1_67' title='bbox 412 1429 608 1520; x_wconf 86' lang='lat' dir='ltr'>superiores</span> <span class='ocrx_word' id='word_1_68' title='bbox 626 1429 838 1498; x_wconf 86' lang='lat' dir='ltr'>evaderent:</span> <span class='ocrx_word' id='word_1_69' title='bbox 866 1429 1089 1519; x_wconf 81' lang='lat' dir='ltr'>caprimum,</span> <span class='ocrx_word' id='word_1_70' title='bbox 1108 1428 1266 1509; x_wconf 70' lang='lat' dir='ltr'>aceensa,</span> 
     </span>
     <span class='ocr_line' id='line_1_11' title="bbox 214 1539 1265 1637; baseline 0.005 -28"><span class='ocrx_word' id='word_1_71' title='bbox 214 1539 331 1611; x_wconf 91' lang='lat' dir='ltr'>locum</span> <span class='ocrx_word' id='word_1_72' title='bbox 354 1544 453 1613; x_wconf 82' lang='lat' dir='ltr'>dedit</span> <span class='ocrx_word' id='word_1_73' title='bbox 476 1568 617 1637; x_wconf 85' lang='lat' dir='ltr'>pugnae,</span> <span class='ocrx_word' id='word_1_74' title='bbox 635 1567 678 1614; x_wconf 88' lang='lat' dir='ltr'>ea</span> <span class='ocrx_word' id='word_1_75' title='bbox 699 1543 837 1624; x_wconf 91' lang='lat' dir='ltr'>deinde,</span> <span class='ocrx_word' id='word_1_76' title='bbox 861 1543 1010 1634; x_wconf 88' lang='lat' dir='ltr'>placata,</span> <span class='ocrx_word' id='word_1_77' title='bbox 1034 1545 1265 1614; x_wconf 82' lang='lat' dir='ltr'>certissimam</span> 
     </span>
     <span class='ocr_line' id='line_1_12' title="bbox 213 1654 549 1727; baseline 0.015 -5"><span class='ocrx_word' id='word_1_78' title='bbox 213 1654 397 1726; x_wconf 85' lang='lat' dir='ltr'>victoriam</span> <span class='ocrx_word' id='word_1_79' title='bbox 415 1659 549 1727; x_wconf 90' lang='lat' dir='ltr'>attulit.</span> 
     </span>
    </p>
   </div>
   <div class='ocr_carea' id='block_1_3' title="bbox 209 1887 1264 4405">
    <p class='ocr_par' dir='ltr' id='par_1_4' title="bbox 211 1887 1264 2900">
     <span class='ocr_line' id='line_1_13' title="bbox 264 1887 1264 1971; baseline 0 -15"><span class='ocrx_word' id='word_1_80' title='bbox 264 1887 425 1970; x_wconf 80' lang='lat' dir='ltr'>Habetis,</span> <span class='ocrx_word' id='word_1_81' title='bbox 452 1890 671 1971; x_wconf 83' lang='lat' dir='ltr'>Academici,</span> <span class='ocrx_word' id='word_1_82' title='bbox 699 1891 863 1960; x_wconf 89' lang='lat' dir='ltr'>carminis</span> <span class='ocrx_word' id='word_1_83' title='bbox 890 1888 1043 1958; x_wconf 90' lang='lat' dir='ltr'>universi</span> <span class='ocrx_word' id='word_1_84' title='bbox 1067 1889 1264 1969; x_wconf 86' lang='lat' dir='ltr'>materiem,</span> 
     </span>
     <span class='ocr_line' id='line_1_14' title="bbox 212 2002 1264 2098; baseline 0.001 -27"><span class='ocrx_word' id='word_1_85' title='bbox 212 2005 435 2096; x_wconf 82' lang='lat' dir='ltr'>magnificam</span> <span class='ocrx_word' id='word_1_86' title='bbox 461 2008 674 2098; x_wconf 87' lang='lat' dir='ltr'>cumprimis,</span> <span class='ocrx_word' id='word_1_87' title='bbox 692 2028 845 2096; x_wconf 85' lang='lat' dir='ltr'>vereque</span> <span class='ocrx_word' id='word_1_88' title='bbox 870 2004 1029 2095; x_wconf 73' lang='lat' dir='ltr'>lipidam,</span> <span class='ocrx_word' id='word_1_89' title='bbox 1054 2011 1093 2071; x_wconf 90' lang='lat' dir='ltr'>et</span> <span class='ocrx_word' id='word_1_90' title='bbox 1118 2002 1264 2094; x_wconf 91' lang='lat' dir='ltr'>quidem</span> 
     </span>
     <span class='ocr_line' id='line_1_15' title="bbox 213 2119 1264 2213; baseline -0.002 -26"><span class='ocrx_word' id='word_1_91' title='bbox 213 2142 258 2187; x_wconf 86' lang='lat' dir='ltr'>ex</span> <span class='ocrx_word' id='word_1_92' title='bbox 280 2143 323 2189; x_wconf 92' lang='lat' dir='ltr'>eo</span> <span class='ocrx_word' id='word_1_93' title='bbox 340 2120 435 2190; x_wconf 89' lang='lat' dir='ltr'>bello</span> <span class='ocrx_word' id='word_1_94' title='bbox 452 2123 612 2213; x_wconf 88' lang='lat' dir='ltr'>petitam,</span> <span class='ocrx_word' id='word_1_95' title='bbox 631 2144 700 2212; x_wconf 93' lang='lat' dir='ltr'>quo</span> <span class='ocrx_word' id='word_1_96' title='bbox 724 2123 760 2189; x_wconf 90' lang='lat' dir='ltr'>in</span> <span class='ocrx_word' id='word_1_97' title='bbox 784 2122 939 2213; x_wconf 85' lang='lat' dir='ltr'>gerendo</span> <span class='ocrx_word' id='word_1_98' title='bbox 963 2119 1264 2210; x_wconf 83' lang='lat' dir='ltr'>conjunctissimae</span> 
     </span>
     <span class='ocr_line' id='line_1_16' title="bbox 212 2232 1264 2327; baseline 0 -26"><span class='ocrx_word' id='word_1_99' title='bbox 212 2233 368 2317; x_wconf 89' lang='lat' dir='ltr'>fuerunt,</span> <span class='ocrx_word' id='word_1_100' title='bbox 394 2246 431 2305; x_wconf 92' lang='lat' dir='ltr'>et</span> <span class='ocrx_word' id='word_1_101' title='bbox 457 2246 618 2307; x_wconf 86' lang='lat' dir='ltr'>extremo</span> <span class='ocrx_word' id='word_1_102' title='bbox 645 2237 743 2327; x_wconf 86' lang='lat' dir='ltr'>quasi</span> <span class='ocrx_word' id='word_1_103' title='bbox 768 2238 847 2304; x_wconf 90' lang='lat' dir='ltr'>nisu</span> <span class='ocrx_word' id='word_1_104' title='bbox 875 2233 986 2316; x_wconf 88' lang='lat' dir='ltr'>elatae,</span> <span class='ocrx_word' id='word_1_105' title='bbox 1012 2233 1096 2302; x_wconf 90' lang='lat' dir='ltr'>hinc</span> <span class='ocrx_word' id='word_1_106' title='bbox 1119 2232 1264 2302; x_wconf 82' lang='lat' dir='ltr'>Graeciae</span> 
     </span>
     <span class='ocr_line' id='line_1_17' title="bbox 211 2347 1263 2442; baseline 0 -26"><span class='ocrx_word' id='word_1_107' title='bbox 211 2347 309 2418; x_wconf 91' lang='lat' dir='ltr'>illinc</span> <span class='ocrx_word' id='word_1_108' title='bbox 327 2350 423 2421; x_wconf 90' lang='lat' dir='ltr'>Asiae</span> <span class='ocrx_word' id='word_1_109' title='bbox 447 2353 548 2422; x_wconf 90' lang='lat' dir='ltr'>vires.</span> <span class='ocrx_word' id='word_1_110' title='bbox 601 2352 728 2442; x_wconf 92' lang='lat' dir='ltr'>ltaque</span> <span class='ocrx_word' id='word_1_111' title='bbox 754 2350 859 2442; x_wconf 91' lang='lat' dir='ltr'>plane</span> <span class='ocrx_word' id='word_1_112' title='bbox 885 2350 955 2418; x_wconf 84' lang='grc' dir='ltr'>καθ’</span> <span class='ocrx_word' id='word_1_113' title='bbox 984 2347 1078 2441; x_wconf 75' lang='grc' dir='ltr'>εὐχὴν</span> <span class='ocrx_word' id='word_1_114' title='bbox 1100 2348 1263 2440; x_wconf 82' lang='lat' dir='ltr'>contigit,</span> 
     </span>
     <span class='ocr_line' id='line_1_18' title="bbox 211 2461 1262 2558; baseline -0.003 -25"><span class='ocrx_word' id='word_1_115' title='bbox 211 2474 252 2533; x_wconf 94' lang='lat' dir='ltr'>ut</span> <span class='ocrx_word' id='word_1_116' title='bbox 280 2476 448 2557; x_wconf 91' lang='lat' dir='ltr'>tanquam</span> <span class='ocrx_word' id='word_1_117' title='bbox 473 2469 539 2538; x_wconf 91' lang='lat' dir='ltr'>sub</span> <span class='ocrx_word' id='word_1_118' title='bbox 564 2492 635 2537; x_wconf 90' lang='lat' dir='ltr'>uno</span> <span class='ocrx_word' id='word_1_119' title='bbox 662 2474 855 2558; x_wconf 86' lang='lat' dir='ltr'>conspectu</span> <span class='ocrx_word' id='word_1_120' title='bbox 880 2473 1072 2556; x_wconf 85' lang='lat' dir='ltr'>poneretur</span> <span class='ocrx_word' id='word_1_121' title='bbox 1094 2461 1262 2553; x_wconf 88' lang='lat' dir='ltr'>quicquid</span> 
     </span>
     <span class='ocr_line' id='line_1_19' title="bbox 211 2564 1262 2671; baseline -0.004 -23"><span class='ocrx_word' id='word_1_122' title='bbox 211 2581 378 2669; x_wconf 89' lang='lat' dir='ltr'>utrinque</span> <span class='ocrx_word' id='word_1_123' title='bbox 418 2564 619 2651; x_wconf 88' lang='lat' dir='ltr'>venerabile</span> <span class='ocrx_word' id='word_1_124' title='bbox 662 2590 754 2650; x_wconf 89' lang='lat' dir='ltr'>esset</span> <span class='ocrx_word' id='word_1_125' title='bbox 797 2603 838 2649; x_wconf 88' lang='lat' dir='ltr'>ao</span> <span class='ocrx_word' id='word_1_126' title='bbox 880 2602 1060 2671; x_wconf 85' lang='lat' dir='ltr'>magnum,</span> <span class='ocrx_word' id='word_1_127' title='bbox 1095 2576 1262 2667; x_wconf 88' lang='lat' dir='ltr'>quicquid</span> 
     </span>
     <span class='ocr_line' id='line_1_20' title="bbox 211 2693 1263 2788; baseline -0.001 -26"><span class='ocrx_word' id='word_1_128' title='bbox 211 2694 353 2764; x_wconf 87' lang='lat' dir='ltr'>heroica</span> <span class='ocrx_word' id='word_1_129' title='bbox 395 2699 528 2766; x_wconf 90' lang='lat' dir='ltr'>virtute</span> <span class='ocrx_word' id='word_1_130' title='bbox 571 2699 735 2788; x_wconf 84' lang='lat' dir='ltr'>famaque</span> <span class='ocrx_word' id='word_1_131' title='bbox 777 2694 987 2787; x_wconf 87' lang='lat' dir='ltr'>percelleret</span> <span class='ocrx_word' id='word_1_132' title='bbox 1026 2693 1183 2763; x_wconf 85' lang='lat' dir='ltr'>maxime</span> <span class='ocrx_word' id='word_1_133' title='bbox 1222 2715 1263 2762; x_wconf 91' lang='lat' dir='ltr'>ac</span> 
     </span>
     <span class='ocr_line' id='line_1_21' title="bbox 211 2815 593 2900; baseline 0.016 -23"><span class='ocrx_word' id='word_1_134' title='bbox 211 2820 430 2900; x_wconf 86' lang='lat' dir='ltr'>pertentaret</span> <span class='ocrx_word' id='word_1_135' title='bbox 447 2815 593 2883; x_wconf 90' lang='lat' dir='ltr'>animos.</span> 
     </span>
    </p>

    <p class='ocr_par' dir='ltr' id='par_1_5' title="bbox 209 2910 1263 4405">
     <span class='ocr_line' id='line_1_22' title="bbox 280 2910 1263 3017; baseline -0.003 -22"><span class='ocrx_word' id='word_1_136' title='bbox 280 2925 467 3010; x_wconf 78' lang='lat' dir='ltr'>Praeterea</span> <span class='ocrx_word' id='word_1_137' title='bbox 502 2930 547 2997; x_wconf 92' lang='lat' dir='ltr'>de</span> <span class='ocrx_word' id='word_1_138' title='bbox 564 2910 567 2923; x_wconf 55' lang='grc'>’</span> <span class='ocrx_word' id='word_1_139' title='bbox 583 2930 747 2998; x_wconf 89' lang='lat' dir='ltr'>universo</span> <span class='ocrx_word' id='word_1_140' title='bbox 780 2926 876 2997; x_wconf 85' lang='lat' dir='ltr'>bello</span> <span class='ocrx_word' id='word_1_141' title='bbox 914 2948 957 2994; x_wconf 89' lang='lat' dir='ltr'>ea</span> <span class='ocrx_word' id='word_1_142' title='bbox 991 2924 1119 2992; x_wconf 89' lang='lat' dir='ltr'>videtis</span> <span class='ocrx_word' id='word_1_143' title='bbox 1155 2923 1263 3017; x_wconf 83' lang='lat' dir='ltr'>deligi</span> 
     </span>
     <span class='ocr_line' id='line_1_23' title="bbox 212 3037 1261 3132; baseline -0.002 -24"><span class='ocrx_word' id='word_1_144' title='bbox 212 3051 381 3131; x_wconf 89' lang='lat' dir='ltr'>tempora,</span> <span class='ocrx_word' id='word_1_145' title='bbox 420 3065 498 3132; x_wconf 88' lang='lat' dir='ltr'>quae</span> <span class='ocrx_word' id='word_1_146' title='bbox 535 3052 573 3112; x_wconf 89' lang='lat' dir='ltr'>et</span> <span class='ocrx_word' id='word_1_147' title='bbox 611 3043 747 3112; x_wconf 90' lang='lat' dir='ltr'>bellicis</span> <span class='ocrx_word' id='word_1_148' title='bbox 785 3042 890 3111; x_wconf 86' lang='lat' dir='ltr'>rebus</span> <span class='ocrx_word' id='word_1_149' title='bbox 929 3042 1109 3108; x_wconf 88' lang='lat' dir='ltr'>intentum</span> <span class='ocrx_word' id='word_1_150' title='bbox 1151 3037 1261 3130; x_wconf 90' lang='lat' dir='ltr'>(quod</span> 
     </span>
     <span class='ocr_line' id='line_1_24' title="bbox 211 3153 1262 3245; baseline 0.001 -22"><span class='ocrx_word' id='word_1_151' title='bbox 211 3156 365 3245; x_wconf 87' lang='lat' dir='ltr'>primum</span> <span class='ocrx_word' id='word_1_152' title='bbox 404 3157 594 3228; x_wconf 88' lang='lat' dir='ltr'>statuimus</span> <span class='ocrx_word' id='word_1_153' title='bbox 626 3159 776 3227; x_wconf 90' lang='lat' dir='ltr'>heroicae</span> <span class='ocrx_word' id='word_1_154' title='bbox 809 3155 937 3225; x_wconf 88' lang='lat' dir='ltr'>indolis</span> <span class='ocrx_word' id='word_1_155' title='bbox 966 3153 1153 3244; x_wconf 83' lang='lat' dir='ltr'>indicium)</span> <span class='ocrx_word' id='word_1_156' title='bbox 1187 3178 1262 3245; x_wconf 92' lang='lat' dir='ltr'>prae</span> 
     </span>
     <span class='ocr_line' id='line_1_25' title="bbox 212 3268 1261 3365; baseline -0.003 -26"><span class='ocrx_word' id='word_1_157' title='bbox 212 3273 346 3340; x_wconf 88' lang='lat' dir='ltr'>caeteris</span> <span class='ocrx_word' id='word_1_158' title='bbox 374 3294 598 3342; x_wconf 89' lang='lat' dir='ltr'>commovere</span> <span class='ocrx_word' id='word_1_159' title='bbox 623 3276 769 3365; x_wconf 86' lang='lat' dir='ltr'>possint,</span> <span class='ocrx_word' id='word_1_160' title='bbox 797 3282 835 3342; x_wconf 93' lang='lat' dir='ltr'>et</span> <span class='ocrx_word' id='word_1_161' title='bbox 858 3270 1008 3364; x_wconf 86' lang='lat' dir='ltr'>gloriam</span> <span class='ocrx_word' id='word_1_162' title='bbox 1035 3277 1113 3337; x_wconf 92' lang='lat' dir='ltr'>tum</span> <span class='ocrx_word' id='word_1_163' title='bbox 1137 3268 1261 3338; x_wconf 88' lang='lat' dir='ltr'>Graio-</span> 
     </span>
     <span class='ocr_line' id='line_1_26' title="bbox 212 3382 1260 3482; baseline -0.003 -29"><span class='ocrx_word' id='word_1_164' title='bbox 212 3409 301 3466; x_wconf 91' lang='lat' dir='ltr'>rum,</span> <span class='ocrx_word' id='word_1_165' title='bbox 320 3394 398 3455; x_wconf 91' lang='lat' dir='ltr'>tum</span> <span class='ocrx_word' id='word_1_166' title='bbox 416 3391 590 3479; x_wconf 88' lang='lat' dir='ltr'>praecipue</span> <span class='ocrx_word' id='word_1_167' title='bbox 607 3389 760 3459; x_wconf 90' lang='lat' dir='ltr'>Achillis</span> <span class='ocrx_word' id='word_1_168' title='bbox 778 3389 832 3458; x_wconf 90' lang='lat' dir='ltr'>sui</span> <span class='ocrx_word' id='word_1_169' title='bbox 856 3382 1100 3482; x_wconf 80' lang='grc' dir='ltr'>(ἡρωικωτᾶτου</span> <span class='ocrx_word' id='word_1_170' title='bbox 1123 3383 1260 3453; x_wconf 83' lang='lat' dir='ltr'>seilicet</span> 
     </span>
     <span class='ocr_line' id='line_1_27' title="bbox 212 3501 1260 3596; baseline -0.002 -27"><span class='ocrx_word' id='word_1_171' title='bbox 212 3503 386 3590; x_wconf 81' lang='lat' dir='ltr'>omnium)</span> <span class='ocrx_word' id='word_1_172' title='bbox 410 3503 446 3570; x_wconf 92' lang='lat' dir='ltr'>in</span> <span class='ocrx_word' id='word_1_173' title='bbox 465 3503 655 3573; x_wconf 89' lang='lat' dir='ltr'>clarissima</span> <span class='ocrx_word' id='word_1_174' title='bbox 672 3506 752 3574; x_wconf 89' lang='lat' dir='ltr'>luce</span> <span class='ocrx_word' id='word_1_175' title='bbox 769 3511 913 3596; x_wconf 88' lang='lat' dir='ltr'>ponant.</span> <span class='ocrx_word' id='word_1_176' title='bbox 964 3501 1070 3583; x_wconf 85' lang='lat' dir='ltr'>Quod</span> <span class='ocrx_word' id='word_1_177' title='bbox 1091 3501 1188 3568; x_wconf 91' lang='lat' dir='ltr'>enim</span> <span class='ocrx_word' id='word_1_178' title='bbox 1210 3501 1260 3569; x_wconf 88' lang='lat' dir='ltr'>ait</span> 
     </span>
     <span class='ocr_line' id='line_1_28' title="bbox 211 3615 1261 3715; baseline -0.004 -30"><span class='ocrx_word' id='word_1_179' title='bbox 211 3615 434 3698; x_wconf 73' lang='lat' dir='ltr'>Aristoteles</span> <span class='ocrx_word' id='word_1_180' title='bbox 443 3618 636 3710; x_wconf 90' lang='lat' dir='ltr'>jucundius</span> <span class='ocrx_word' id='word_1_181' title='bbox 650 3643 726 3690; x_wconf 89' lang='lat' dir='ltr'>esse</span> <span class='ocrx_word' id='word_1_182' title='bbox 739 3617 781 3689; x_wconf 84' lang='grc' dir='ltr'>τὸ</span> <span class='ocrx_word' id='word_1_183' title='bbox 793 3617 1010 3715; x_wconf 82' lang='grc' dir='ltr'><em>ἆθροωτέρον,</em></span> <span class='ocrx_word' id='word_1_184' title='bbox 1024 3616 1145 3684; x_wconf 91' lang='lat' dir='ltr'>omnia</span> <span class='ocrx_word' id='word_1_185' title='bbox 1157 3615 1261 3683; x_wconf 92' lang='lat' dir='ltr'>nimi-</span> 
     </span>
     <span class='ocr_line' id='line_1_29' title="bbox 211 3730 1259 3824; baseline -0.004 -23"><span class='ocrx_word' id='word_1_186' title='bbox 211 3756 288 3801; x_wconf 92' lang='lat' dir='ltr'>rum</span> <span class='ocrx_word' id='word_1_187' title='bbox 316 3735 475 3805; x_wconf 88' lang='lat' dir='ltr'>conferta</span> <span class='ocrx_word' id='word_1_188' title='bbox 502 3760 543 3805; x_wconf 87' lang='lat' dir='ltr'>ac</span> <span class='ocrx_word' id='word_1_189' title='bbox 565 3736 673 3805; x_wconf 91' lang='lat' dir='ltr'>densa</span> <span class='ocrx_word' id='word_1_190' title='bbox 691 3736 841 3805; x_wconf 89' lang='lat' dir='ltr'>vividius</span> <span class='ocrx_word' id='word_1_191' title='bbox 865 3730 1125 3824; x_wconf 91' lang='lat' dir='ltr'>quodammodo</span> <span class='ocrx_word' id='word_1_192' title='bbox 1155 3730 1259 3798; x_wconf 92' lang='lat' dir='ltr'>ferire</span> 
     </span>
     <span class='ocr_line' id='line_1_30' title="bbox 210 3845 1258 3944; baseline -0.004 -27"><span class='ocrx_word' id='word_1_193' title='bbox 210 3850 396 3933; x_wconf 83' lang='lat' dir='ltr'>animum3</span> <span class='ocrx_word' id='word_1_194' title='bbox 438 3852 475 3919; x_wconf 94' lang='lat' dir='ltr'>id</span> <span class='ocrx_word' id='word_1_195' title='bbox 515 3853 550 3920; x_wconf 89' lang='lat' dir='ltr'>in</span> <span class='ocrx_word' id='word_1_196' title='bbox 593 3861 803 3944; x_wconf 83' lang='lat' dir='ltr'>argumento</span> <span class='ocrx_word' id='word_1_197' title='bbox 844 3849 975 3930; x_wconf 88' lang='lat' dir='ltr'>Iliadis,</span> <span class='ocrx_word' id='word_1_198' title='bbox 1008 3845 1121 3915; x_wconf 89' lang='lat' dir='ltr'>sicubi</span> <span class='ocrx_word' id='word_1_199' title='bbox 1163 3845 1258 3925; x_wconf 81' lang='lat' dir='ltr'>aliae,</span> 
     </span>
     <span class='ocr_line' id='line_1_31' title="bbox 210 3961 1257 4058; baseline -0.001 -26"><span class='ocrx_word' id='word_1_200' title='bbox 210 3965 441 4034; x_wconf 88' lang='lat' dir='ltr'>animadverti</span> <span class='ocrx_word' id='word_1_201' title='bbox 458 3976 586 4058; x_wconf 89' lang='lat' dir='ltr'>potest.</span> <span class='ocrx_word' id='word_1_202' title='bbox 633 3968 836 4037; x_wconf 85' lang='lat' dir='ltr'>Certamina</span> <span class='ocrx_word' id='word_1_203' title='bbox 854 3966 915 4034; x_wconf 95' lang='lat' dir='ltr'>diu</span> <span class='ocrx_word' id='word_1_204' title='bbox 932 3962 1075 4052; x_wconf 90' lang='lat' dir='ltr'>lateque</span> <span class='ocrx_word' id='word_1_205' title='bbox 1093 3961 1257 4052; x_wconf 82' lang='lat' dir='ltr'>dispersa,</span> 
     </span>
     <span class='ocr_line' id='line_1_32' title="bbox 210 4076 1258 4169; baseline -0.003 -22"><span class='ocrx_word' id='word_1_206' title='bbox 210 4081 373 4150; x_wconf 91' lang='lat' dir='ltr'>omuibus</span> <span class='ocrx_word' id='word_1_207' title='bbox 403 4083 535 4151; x_wconf 84' lang='lat' dir='ltr'>circum</span> <span class='ocrx_word' id='word_1_208' title='bbox 567 4084 745 4152; x_wconf 90' lang='lat' dir='ltr'>littoribus</span> <span class='ocrx_word' id='word_1_209' title='bbox 779 4091 816 4151; x_wconf 94' lang='lat' dir='ltr'>et</span> <span class='ocrx_word' id='word_1_210' title='bbox 846 4079 979 4160; x_wconf 87' lang='lat' dir='ltr'>insulis,</span> <span class='ocrx_word' id='word_1_211' title='bbox 1007 4084 1158 4169; x_wconf 82' lang='lat' dir='ltr'>angusto</span> <span class='ocrx_word' id='word_1_212' title='bbox 1182 4076 1258 4167; x_wconf 88' lang='lat' dir='ltr'>jam</span> 
     </span>
     <span class='ocr_line' id='line_1_33' title="bbox 209 4193 1258 4286; baseline -0.003 -24"><span class='ocrx_word' id='word_1_213' title='bbox 209 4196 322 4286; x_wconf 89' lang='lat' dir='ltr'>spatio</span> <span class='ocrx_word' id='word_1_214' title='bbox 350 4197 540 4267; x_wconf 89' lang='lat' dir='ltr'>incluserat</span> <span class='ocrx_word' id='word_1_215' title='bbox 574 4199 716 4268; x_wconf 89' lang='lat' dir='ltr'>fortuna</span> <span class='ocrx_word' id='word_1_216' title='bbox 749 4196 844 4278; x_wconf 93' lang='lat' dir='ltr'>belli,</span> <span class='ocrx_word' id='word_1_217' title='bbox 873 4206 910 4266; x_wconf 91' lang='lat' dir='ltr'>et</span> <span class='ocrx_word' id='word_1_218' title='bbox 941 4197 977 4264; x_wconf 91' lang='lat' dir='ltr'>in</span> <span class='ocrx_word' id='word_1_219' title='bbox 1012 4193 1258 4263; x_wconf 89' lang='lat' dir='ltr'>brevissimum</span> 
     </span>
     <span class='ocr_line' id='line_1_34' title="bbox 209 4308 1259 4405; baseline -0.004 -27"><span class='ocrx_word' id='word_1_220' title='bbox 209 4322 350 4402; x_wconf 89' lang='lat' dir='ltr'>tempus</span> <span class='ocrx_word' id='word_1_221' title='bbox 376 4314 605 4405; x_wconf 88' lang='lat' dir='ltr'>compulerat.</span> <span class='ocrx_word' id='word_1_222' title='bbox 657 4315 794 4396; x_wconf 83' lang='lat' dir='ltr'>Quibus</span> <span class='ocrx_word' id='word_1_223' title='bbox 817 4314 923 4382; x_wconf 88' lang='lat' dir='ltr'>rebus</span> <span class='ocrx_word' id='word_1_224' title='bbox 945 4308 1092 4379; x_wconf 88' lang='lat' dir='ltr'>mirifice</span> <span class='ocrx_word' id='word_1_225' title='bbox 1111 4308 1259 4398; x_wconf 90' lang='lat' dir='ltr'>juvatur</span> 
     </span>
    </p>
   </div>
   <div class='ocr_carea' id='block_1_4' title="bbox 0 0 1374 4866">
    <p class='ocr_par' dir='ltr' id='par_1_6' title="bbox 0 0 1374 4866">
     <span class='ocr_line' id='line_1_35' title="bbox 0 0 1374 4866; baseline 0 2"><span class='ocrx_word' id='word_1_226' title='bbox 0 0 1374 4866; x_wconf 95' lang='lat' dir='ltr'> </span> 
     </span>
    </p>
   </div>
  </div>
 </body>
</html>
