2738 4866
168 348 263 388 runc.
276 349 329 388 xx.
374 327 423 389 Do
430 327 538 410 prima
554 325 588 388 in
603 327 820 410 Agamemnona
836 326 1005 390 &arathae-
1151 331 1216 404 359

167 495 271 564 silere
308 496 436 586 jubeat
477 497 638 565 homines
679 518 797 565 coram
832 493 903 564 Dei
932 495 976 565 Ο.
1004 494 1058 569 Μ.
1088 498 1216 589 majas

166 620 252 681 tate.

218 728 313 810 Quid
341 729 416 798 haec
445 728 512 798 sibi
540 727 661 809 uelint,
684 726 823 823 planius
852 728 1045 819 apparebit,
1072 750 1214 799 sumam

166 843 261 911 tibus
293 843 394 912 uobis
429 844 559 913 iterum
587 843 622 911 in
658 865 782 912 manus
809 841 918 920 telam
942 865 1047 933 quam
1080 844 1212 934 incepi-

165 980 244 1028 mus
280 968 413 1028 texere.
484 957 660 1038 Diximus,
703 956 909 1048 AEschylum
948 957 1112 1028 universa
1145 958 1214 1029 hac-

164 1075 254 1142 serie
276 1073 375 1142 litem
399 1074 495 1144 illam
520 1097 618 1143 suam
637 1096 719 1144 cum
735 1071 828 1142 Jove
845 1095 994 1154 summo,
1012 1073 1049 1142 in
1067 1072 1211 1144 Prome-

166 1187 249 1256 theo
274 1189 487 1272 institutam,
506 1211 737 1280 componere:
764 1211 807 1258 eo
831 1196 951 1258 autem
979 1190 1214 1280 praecaeteris

164 1312 322 1393 spectare
354 1303 509 1374 nobilem
540 1304 646 1373 Obori
677 1304 743 1394 sub
769 1303 871 1371 initio
897 1303 1027 1374 fabulae
1053 1302 1210 1399 παρόδον,

164 1441 233 1508 qua
263 1429 429 1509 tanquam
455 1444 500 1489 ex
526 1419 632 1509 adyto
660 1416 858 1486 declaretur
883 1416 1002 1486 divina
1027 1417 1079 1487 vis
1103 1424 1211 1508 atque

165 1535 313 1614 bouitas,
341 1556 481 1624 quoque
510 1534 616 1602 modo
646 1556 689 1601 ea
716 1533 825 1600 tacite
855 1530 1004 1601 derivari
1035 1531 1147 1602 soleat
1173 1534 1212 1607 in

163 1659 300 1718 mentes
329 1649 523 1729 hominum,
559 1650 666 1717 etiam
698 1670 762 1738 per
794 1647 968 1717 insomnia
997 1654 1034 1716 et
1059 1655 1214 1722 terrores

164 1775 354 1836 nocturnos
368 1761 397 1832 f:

374 1944 499 2012 δαιμόνων
510 1943 540 1996 δέ
550 1963 601 1996 που
612 1944 688 2013 χάρις
699 1942 792 2006 βίαιος,

374 2029 460 2099 σέλμα
471 2029 568 2098 σέμνον
579 2028 684 2098 ἡμένων.

161 2177 327 2247 Graviter
355 2177 512 2268 profecto
540 2185 577 2245 et
607 2175 781 2265 exquisite
807 2175 921 2255 docet,
954 2173 1073 2243 invitis
1099 2174 1208 2243 etiam

161 2301 199 2360 et
224 2290 479 2360 reluctantibus
502 2291 666 2382 prodesse
690 2291 839 2382 gratiam
863 2289 1006 2381 benigni
1029 2288 1207 2358 Numinis.

163 2407 260 2476 Nolo
295 2415 415 2476 autem
450 2406 684 2498 reprehendat
718 2405 845 2498 aliquis
877 2403 1093 2498 AEschylum
1129 2412 1206 2474 tan-

159 2546 266 2613 quam
295 2523 324 2591 is
353 2522 516 2615 religioso
542 2521 685 2613 quidem
715 2521 843 2602 animo,
874 2521 935 2589 sed
961 2520 1039 2590 loco
1061 2520 1207 2589 minime

160 2646 371 2730 opportuno,
401 2637 426 2706 J
428 2660 531 2706 ovem
561 2637 657 2728 prius
686 2636 839 2704 invisum
867 2635 1011 2704 laudare
1036 2636 1205 2729 gestierit.

136 2753 256 2836 -Quin
289 2753 491 2844 hujusmodi
523 2753 644 2834 fenne,
675 2752 712 2820 ni
746 2749 858 2831 fallor,
886 2750 993 2820 series
1022 2772 1206 2842 nexusque

157 2878 214 2937 est
243 2867 449 2938 nobilissimi
478 2867 653 2939 carminis.
703 2866 863 2937 Obscure
889 2865 1100 2934 vaticinatus
1129 2873 1206 2935 erat

158 2983 318 3065 Calchas,
340 2984 415 3053 fore
441 2992 482 3052 ut
503 2979 652 3052 Achivis
676 2981 834 3051 sacrificii
859 2980 1042 3072 cujusdam
1061 2980 1206 3055 infausti

158 3100 348 3169 necessitas
369 3100 415 3168 ob
438 3099 564 3169 iratam
588 3096 740 3169 Dianam
766 3096 961 3178 immineat,
981 3096 1108 3166 deinde
1134 3119 1205 3167 non

158 3213 219 3286 diu
249 3223 463 3291 cessaturam
497 3212 632 3288 innoxii
669 3210 849 3303 sanguinis
883 3210 1066 3288 ultionem.
1136 3209 1205 3279 His

157 3337 326 3419 tanquam
354 3328 529 3397 ominibus
558 3326 695 3397 Chorus
724 3325 987 3417 obstupescens,
1015 3347 1058 3395 eo
1084 3325 1205 3395 confu.

155 3466 251 3534 gere,
270 3466 339 3534 quo
357 3445 461 3513 decet
477 3442 638 3514 cordatos
656 3464 779 3525 senos;
811 3464 940 3534 nempe
957 3441 1001 3510 ad
1019 3440 1205 3515 consilium

156 3562 310 3650 supremi
342 3559 443 3629 Illius
461 3558 739 3640 Gubernatoris3
779 3557 873 3647 quod
900 3556 995 3624 idem
1022 3562 1060 3623 et
1080 3555 1205 3646 justis-

154 3673 284 3743 simum
314 3682 552 3753 autumentur,
571 3679 608 3744 et
630 3670 825 3740 certissimo
849 3668 924 3744 fore
951 3676 1093 3737 eventu.
1146 3668 1204 3747 Ita

155 3787 310 3869 tandem,
339 3786 529 3878 tranquillo
557 3809 597 3856 ac
624 3784 741 3856 stabili
765 3783 892 3864 animo,
921 3781 1036 3875 pergit
1065 3781 1203 3852 Chorus

156 3901 350 3994 Iphigeniae
368 3903 560 3972 mentione.

205 4018 327 4109 Atque
354 4020 464 4088 totius
489 4017 564 4107 ejus
591 4015 658 4085 loci
685 4016 737 4083 vis
763 4023 817 4084 est
840 4037 882 4082 ea
907 4013 1141 4105 potissimum,
1159 4019 1200 4080 ut

575 4209 586 4248 f
602 4211 692 4279 Apum.
706 4223 764 4279 175.
