2738 4866
222 316 265 376 80
473 315 672 377 Actuosorum
686 313 850 397 exemplar,
862 313 1022 379 Homerus.
1074 374 1076 378 .
1125 338 1221 382 naen.
1233 341 1273 383 vr.

220 479 415 572 deligendis
438 502 509 549 non
530 488 606 550 tam
627 502 738 562 suam,
756 504 862 571 quam
886 481 1005 552 saeculi
1026 483 1093 564 sui,
1113 483 1269 554 indolem

219 594 387 664 referant.

279 821 457 914 Sequitur,
482 832 523 892 ut
552 825 589 892 in
614 824 779 916 exemplo
811 825 981 906 omnium,
1005 849 1084 916 quae
1110 850 1267 918 unquam

217 940 327 1021 fuere,
343 938 634 1030 splendidissimo,
653 938 737 1028 quid
755 937 872 1007 valeat
892 940 983 1007 ratio
1007 950 1128 1015 nostra
1152 951 1267 1012 tente-

217 1077 307 1123 mus.
360 1053 413 1122 Eo
436 1053 531 1122 enim
549 1054 764 1134 devenimus,
778 1051 998 1136 Academici,
1016 1063 1057 1123 ut
1075 1056 1267 1126 dicendum

218 1168 264 1238 sit
295 1170 339 1238 de
370 1167 483 1237 Iliade
513 1167 674 1236 Homeri.
737 1166 1023 1250 Monstrandum‚
1055 1192 1125 1260 quo
1158 1174 1268 1262 potis-

217 1283 346 1352 simum
368 1279 509 1364 affectu,
526 1306 596 1373 quo
615 1283 788 1352 desiderio
806 1282 875 1350 Ille
901 1291 1112 1367 commotus,
1132 1286 1268 1378 virgula

217 1400 316 1489 quasi
334 1400 453 1468 divina
469 1398 652 1491 collegerit·
668 1398 820 1468 intactas
838 1406 944 1467 autea
962 1397 1117 1470 Poeseos
1135 1423 1241 1492 opes:

428 1530 515 1602 δρόμῳ
528 1527 550 1582 δ’
563 1528 662 1583 ίσώσας
674 1531 704 1596 τῇ
718 1525 799 1597 φῦσει
811 1528 843 1581 τὰ
854 1528 975 1598 τέρματα,

427 1616 496 1683 νίκης
508 1615 574 1684 ἔχων
586 1613 678 1682 ἕξηλθε
689 1614 814 1682 παντίμον
825 1613 912 1684 γέρας.

217 1721 312 1792 Satis
333 1721 478 1813 quidem
502 1721 726 1789 incommode
749 1721 890 1803 accidit,
913 1744 967 1804 ea,
989 1744 1067 1814 quae
1089 1722 1266 1792 advitam

216 1836 325 1930 ipsius
356 1835 592 1927 pertinebant,
621 1842 684 1904 aut
714 1835 898 1904 evanuisse
924 1835 1054 1926 injuria
1080 1839 1264 1930 temporis,

216 1959 279 2023 aut
309 1951 437 2022 fabulis
466 1951 630 2020 immistis
659 1950 711 2018 ita
740 1950 873 2032 foedari,
902 1959 943 2019 ut
973 1953 1033 2020 vix
1063 1960 1101 2020 et
1131 1975 1178 2022 ne
1205 1954 1266 2022 vix

217 2067 371 2158 quidem,
394 2090 466 2135 uno
490 2073 599 2156 atque
624 2064 743 2141 altero,
761 2064 850 2146 loco,
874 2065 1091 2158 argumentis
1116 2065 1162 2135 ab
1190 2067 1266 2158 ipso

216 2184 371 2252 carmine
406 2182 522 2255 ductis
556 2190 702 2251 tenuem
735 2182 842 2249 modo
880 2181 995 2250 facem
1031 2182 1265 2272 praetendant.

216 2296 462 2368 Veruntamen
489 2297 526 2364 id
547 2294 698 2364 Homeri
719 2295 884 2365 studiosis
908 2319 951 2365 eo
977 2297 1095 2365 minus
1125 2297 1265 2367 officere

217 2412 333 2494 debet,
358 2413 452 2502 quod
476 2413 656 2480 neminem
685 2411 829 2480 omnino
860 2412 1022 2494 novimus
1048 2412 1265 2502 scriptorem,

217 2529 278 2618 qui
312 2527 505 2618 simplicius
540 2535 647 2617 atque
682 2527 838 2617 apertius
856 2549 926 2616 qua
953 2528 999 2595 sit
1033 2525 1165 2609 indole,
1195 2551 1265 2618 quo

216 2643 340 2712 habitu
358 2641 477 2722 animi,
496 2641 593 2709 omni
612 2642 686 2710 fere
704 2641 860 2710 carmine
878 2641 1053 2709 ostendat.
1149 2726 1153 2733 .

267 2758 338 2841 Qui
360 2759 518 2849 primum
532 2757 673 2847 quidem
695 2757 816 2826 otiosis
833 2755 903 2824 illis
925 2755 1073 2823 minime
1094 2778 1133 2824 se
1156 2757 1267 2825 adnu-

215 2875 343 2944 merari
366 2875 543 2965 patietur:
575 2895 713 2964 semper
738 2873 832 2940 enim
858 2871 1012 2951 festinat,
1036 2877 1073 2937 et
1096 2868 1266 2940 ulteriora

215 2989 372 3070 molitur,
390 2990 618 3078 animumque
636 2987 741 3058 rebus
764 2987 918 3080 agendis
936 2993 1060 3076 aptum
1077 2984 1178 3054 nulla
1193 3008 1264 3055 non

215 3105 344 3198 pagina
385 3125 454 3196 prae
498 3126 535 3172 se
578 3103 657 3172 fert.
727 3102 808 3171 Hoc
850 3100 939 3168 illud
982 3107 1066 3181 est,¹
1091 3099 1186 3189 quod
1228 3100 1264 3168 in

217 3219 417 3290 Homericis
437 3219 482 3288 ab
498 3217 694 3288 Aristotele
712 3219 819 3287 toties
836 3211 1041 3285 laudaturd:
1067 3212 1167 3295 μόνος
1185 3212 1264 3310 γὰρ,

215 3336 343 3427 inquit,
372 3335 434 3428 οὐχ
464 3333 518 3403 ὅτι
549 3331 590 3414 εὖ,
615 3333 693 3402 ἀλλ’
724 3332 777 3402 ὅτι
807 3330 860 3400 καί
886 3334 1036 3413 μιμήσεις
1065 3326 1266 3423 δραματικὰς

216 3450 366 3530 ἐποίησεν
393 3502 511 3519 .....
534 3448 632 3531 μόνος
665 3453 731 3518 τῶν
761 3447 903 3527 ποιητῶιι
930 3446 993 3539 οὐχ
1026 3444 1141 3534 ἀγνοεῖ
1165 3427 1192 3511 Ιὃ
1220 3441 1269 3512 dei

211 3574 321 3634 ποιεῖν
353 3563 463 3634 αὐτόν.
524 3561 638 3633 Αὑτὸν
665 3560 733 3658 γὰρ
764 3560 812 3630 δεῖ
839 3558 900 3629 τὸν
927 3560 1066 3641 ποιητὴν
1094 3555 1263 3653 ἐλάχιστα

214 3681 326 3773 λέγειν
353 3733 361 3750 .
381 3733 389 3750 .
409 3731 417 3747 .
438 3731 445 3746 .
473 3681 506 3747 οἵ
521 3676 579 3760 μὲν
597 3675 650 3746 οὖν
667 3674 778 3757 ἄλλοι,
797 3674 889 3746 αὐτοί
907 3674 965 3757 μὲν
988 3673 1028 3744 δι’
1049 3674 1130 3743 ὅλου
1147 3673 1266 3764 ἀγωνί-

216 3791 343 3894 ζονται,
370 3801 543 3878 μιμοῦνται
574 3794 608 3865 δὲ
633 3795 735 3884 ὀλίγα
765 3794 817 3862 καί
846 3789 1007 3883 ὀλιγάκις.
1042 3793 1061 3861 ὁ
1090 3790 1136 3875 δὲ,
1161 3793 1264 3882 ὀλίγα

215 3906 509 4005 φροιμιασιίμειιος,
532 3908 618 3985 εὐθὺς
646 3907 773 3999 εἰσάγει
797 3905 897 4002 ἄνδρα
921 3906 939 3987 ’ἦ
962 3915 1110 3996 γυναῖκα,
1134 3903 1152 3986 ἢ
1174 3902 1264 3974 ἄλλο

214 4053 248 4092 τι
280 4024 366 4104 ἦθος·
392 4024 445 4092 καί
474 4022 562 4094 οὐδὲν
592 4020 695 4104 ἄηθες,
722 4022 800 4090 ἀλλ’
829 4022 908 4115 ἕχον
938 4021 1025 4101 ἦθος.
1079 4019 1263 4088 Nimirum

216 4137 429 4208 Aristoteles
440 4139 582 4209 laudem
594 4160 748 4223 omnem,
760 4137 974 4218 utVirtutis,
986 4136 1037 4205 ita
1049 4135 1214 4216 Poeseos,
1227 4135 1264 4201 in

551 4306 565 4344 ‘¹
584 4306 658 4360 Poet.
671 4324 746 4375 capp.
760 4324 812 4360 vni.
826 4314 852 4360 et
864 4305 926 4359 xliv.
