2738 4866
196 1195 479 1299 cusulo
534 1197 1097 1303 [uscanensis

614 1476 685 1513 stvn

372 1679 705 1750 PRAEIAEOTIO
741 1679 936 1749 PRIMA.

127 2253 268 2321 Disputat«)
275 2254 354 2322 petae
366 2252 446 2319 (inter
457 2253 523 2319 aliu)
537 2269 583 2305 cur
594 2253 623 2304 iu
635 2253 683 2305 tac
695 2252 801 2305 matetie
811 2259 908 2305 veteres
920 2253 1045 2306 Latinam
1059 2255 1172 2322 linquam

157 2341 254 2408 patria
267 2345 337 2392 recte
346 2339 521 2408 pratuletint,
534 2338 655 2406 definitur
666 2339 757 2392 Poetis
774 2356 825 2390 uon
840 2356 854 2390 e
870 2356 962 2407 qenes-e
974 2345 999 2391 et
1015 2339 1171 2408 diffamia,

161 2425 207 2476 sed
217 2442 230 2476 e
237 2425 401 2494 proprietate
415 2425 525 2494 quadam
536 2443 600 2477 sua:
619 2424 746 2488 videlicet,
759 2423 828 2494 quod
841 2442 881 2487 en,
893 2425 966 2478 satan
973 2423 1082 2493 pudure,
1094 2431 1171 2476 astu-

161 2518 234 2564 autes
246 2511 373 2564 homiuum
385 2512 494 2580 affectus
506 2512 598 2580 efferat
608 2529 641 2564 ac
652 2511 741 2564 leniat.

217 2730 339 2800 UUM
363 2732 407 2800 ad
431 2731 498 2800 hcc
521 2753 650 2801 munus
675 2733 877 2802 obeundum
900 2732 964 2800 viri
986 2731 1071 2799 olim
1089 2753 1171 2800 vere

242 2844 373 2924 diserti,
394 2843 588 2913 abundanti
613 2845 696 2922 ctio,
717 2844 919 2913 recentibus
943 2845 1078 2924 studiis,
1099 2866 1170 2912 non

124 2964 199 3031 sine
220 2959 318 3053 gravi
341 2959 471 3028 mentis
493 2961 757 3050 perturbatione
784 2960 897 3051 primo
919 2981 958 3029 se
984 2959 1170 3029 accessisse

125 3075 416 3144 memoraverint:
452 3097 522 3164 quo
557 3075 701 3144 tandem
731 3076 850 3143 animo
880 3075 909 3143 is
942 3096 1017 3144 esse
1051 3073 1169 3157 debet,

124 3213 228 3282 quem
264 3191 346 3258 vitea
373 3190 449 3280 jam
485 3189 636 3281 negotiis
670 3189 882 3280 implicitum
917 3199 1084 3280 tanquam
1123 3189 1169 3258 ab

122 3306 197 3375 acie
227 3306 264 3373 in
292 3304 492 3396 palaestram
524 3327 688 3372 revocare
712 3305 821 3382 nobie,
845 3302 1063 3383 Academici,
1094 3302 1168 3394 pla-

123 3419 224 3490 cuit?
276 3418 376 3488 Bene
402 3417 538 3486 scilicet
561 3419 605 3487 de
632 3417 731 3487 vobis
756 3402 883 3486 mereri
909 3425 1074 3485 aventem
1093 3416 1168 3510 dig-

122 3535 196 3603 nati
218 3534 303 3604 estis
326 3532 421 3602 ultro
446 3533 625 3624 accipere:
657 3534 777 3624 itaque
798 3556 866 3612 me,
888 3535 1025 3624 siquem
1045 3533 1166 3613 alium,

120 3650 337 3741 sempiterno
367 3649 460 3741 grati
498 3649 607 3717 animi
641 3647 782 3717 vinculo
809 3647 927 3717 Almae
959 3646 1071 3716 Matri
1106 3648 1167 3717 ad-

120 3764 255 3836 dictum
277 3765 455 3834 tenebitis.
508 3763 586 3834 Vos
606 3764 751 3855 quidem
775 3787 839 3855 pro
863 3772 981 3833 vestra
1004 3763 1165 3833 humani-

79 3905 83 3911 ·
119 3885 213 3949 tate:
249 3878 337 3947 mihi
363 3901 438 3948 rem
465 3878 608 3969 propius
634 3877 801 3959 intuenti,
827 3885 868 3945 ut
894 3898 1017 3944 verum
1043 3874 1164 3959 fatear,

119 3994 307 4085 saepissime
333 3994 497 4074 occurrit,
525 4017 570 4062 an
596 3992 811 4083 amplissimo
835 3992 917 4060 huic
943 3990 1033 4074 lccc,
1056 4001 1164 4082 atque

117 4108 335 4179 incremento
362 4110 534 4177 bonarum
563 4108 703 4189 artium,
733 4107 914 4177 nonsatis
941 4106 1032 4176 bene
1055 4107 1163 4175 fuerit

116 4225 251 4294 avcbis
269 4223 485 4294 consultum.

230 4342 249 4405 ‘t
660 4359 683 4406 Β
