2738 4866
224 317 267 387 76
411 317 732 417 Carmaumportitio
746 317 888 403 campalis
902 317 1087 383 maturator.
1120 340 1216 383 rann.
1229 341 1270 382 vr.

223 507 343 570 orem3
382 494 420 556 et
448 486 559 557 libero
590 484 688 576 quasi
711 483 792 555 lusu
816 481 1048 556 Phantasiam
1072 487 1268 571 exercebit,

223 625 267 672 eo
293 601 428 671 seilicet
456 608 623 670 aventem
652 622 848 682 excurrere,
870 623 941 691 quo
966 601 995 670 si
1021 617 1087 693 per·
1110 601 1270 672 fortunas

224 716 358 799 liceret,
374 715 606 784 libentissime
623 737 800 805 quemque
817 737 920 784 suum
937 716 1045 786 ferret
1061 714 1150 796 ἦθος.

290 830 423 920 Atque,
458 837 499 898 ut
532 831 576 898 de
611 827 727 898 Sacris
761 829 926 921 exempla
958 829 1159 920 proferam3
1202 830 1271 900 alia

224 942 383 1012 Balaami
400 942 490 1012 ratio
508 949 594 1024 erat,
612 949 718 1011 oestro
736 942 888 1032 quodam
906 943 1048 1034 pietatis
1065 944 1110 1013 ad
1128 951 1269 1034 tempus

223 1057 358 1148 perciti,
370 1065 593 1146 mortemque
602 1056 782 1146 justorum
796 1056 942 1125 mirifice
959 1053 1174 1129 laudantisb:
1201 1058 1269 1127 alia

224 1169 326 1239 Illius
346 1171 455 1239 divini
476 1192 617 1261 prorsus
634 1169 711 1252 viri,
729 1171 884 1261 quisquis
901 1169 1036 1240 Poema
1052 1170 1076 1239 J
1078 1171 1138 1240 obi
1161 1171 1267 1261 scrip·

223 1287 319 1355 serit.
370 1284 505 1353 Eadem
534 1292 654 1354 tamen
675 1286 858 1375 utriusque
886 1305 1034 1354 summa.
1085 1284 1269 1355 Videlicet

225 1399 297 1470 Hic
314 1400 451 1492 piorum
476 1400 561 1481 ἦθος,
580 1398 648 1468 Ille
671 1395 778 1475 πάθοςΙ
795 1408 934 1469 tantum
957 1399 1171 1469 carminibus
1189 1400 1268 1470 reli-

224 1515 301 1604 quit
322 1537 536 1607 expressum.
586 1513 670 1582 Jam
691 1514 796 1583 simili
814 1515 888 1583 fere
906 1513 1106 1583 discrimine
1124 1521 1269 1583 caeteros

224 1625 353 1696 Poetas
381 1627 520 1696 caeteris
550 1628 586 1694 in
617 1626 801 1696 affectibus
831 1628 978 1717 quisque
1003 1648 1067 1717 pro
1096 1647 1136 1695 se
1165 1626 1268 1696 facile

223 1741 373 1811 notabit.
425 1741 550 1822 Fuere,
571 1743 698 1830 quibus
726 1740 836 1810 semel
858 1749 966 1831 atque
991 1740 1122 1809 iterum
1148 1761 1269 1809 versus

224 1854 412 1922 extorserit
429 1854 569 1924 sceleris
587 1856 774 1924 execrandi
793 1855 932 1924 odium:
962 1852 1080 1945 qualia
1102 1861 1187 1922 sunt
1209 1851 1269 1922 illa

224 1968 433 2038 sanctissimi
447 1967 565 2050 Vatis,
582 1968 699 2038 vivide
716 1992 737 2038 a
754 1968 971 2038 Buehanano
988 1975 1199 2059 expressa⁰t

507 2094 580 2153 Quid
592 2096 721 2166 gloriaris,
734 2095 815 2165 impie

503 2181 636 2252 Tyranno,
649 2182 737 2251 pravis
749 2180 868 2234 artibus?

503 2268 563 2321 Tua
573 2268 666 2339 lingua
679 2285 782 2337 semper
793 2266 933 2320 fraudibus

505 2352 611 2406 lutenta
622 2353 832 2406 comminiscitur

505 2439 596 2502 Nefas,
608 2439 709 2492 nitente
721 2437 825 2492 cotibus

504 2524 617 2578 Acutior
627 2525 765 2578 novacula.

504 2610 543 2664 Te
554 2628 636 2679 prava
647 2611 725 2663 rectis
737 2611 798 2679 plus
807 2609 912 2679 juvant,

505 2697 569 2749 Plus
582 2696 649 2750 falsa
660 2697 728 2750 veris
741 2705 874 2760 recreant3

505 2783 635 2852 Dolisque
646 2782 831 2851 pestilentibus

505 2866 630 2920 Libenter
642 2883 734 2919 aurem
745 2865 908 2920 commodas.

505 2951 578 3020 Ergo
591 2952 666 3004 Deus
679 2960 705 3004 te
717 2960 843 3015 conteret,

505 3037 709 3107 Hominumque
721 3037 896 3091 contubernio

507 3121 672 3184 Eliminabit,
684 3141 715 3176 ae
728 3122 839 3177 domum

394 3249 396 3252 .
504 3207 611 3261 Evertet
623 3224 730 3261 omnem
741 3209 873 3264 funditus.

224 3332 383 3401 Fuerunt
421 3332 541 3414 etiam,
575 3331 697 3423 quales
726 3333 910 3403 Juvenalis
950 3343 988 3403 et
1018 3332 1265 3414 Archilochus,

223 3446 349 3538 quibus
370 3470 432 3516 seu
455 3447 579 3528 rabies,
600 3448 673 3517 sive
688 3448 788 3539 justa
809 3449 1005 3541 indignatio
1029 3456 1146 3519 totum
1171 3447 1265 3519 colo·

222 3563 351 3648 raverit
364 3562 538 3631 scribendi
551 3585 673 3654 genus.
698 3563 801 3632 Nihil
815 3563 915 3632 alteri
930 3572 1005 3632 tam
1019 3564 1144 3655 dispar,
1160 3585 1266 3655 quam

223 3677 407 3768 Sapphicis
436 3675 617 3747 Tibullus:
657 3679 740 3746 dum
775 3678 833 3746 bie
865 3678 1070 3747 inveteratis
1103 3677 1266 3771 indulget

221 3791 407 3873 amoribus,
425 3789 486 3858 illa
502 3792 727 3860 nascentibus
745 3792 869 3881 quaerit
886 3792 1093 3860 remedium.

235 3973 237 3976 .
272 3904 332 3975 Ne
361 3902 495 3974 multa:
532 3906 712 3973 neminem
743 3905 865 3997 fugiet,
897 3906 1029 3996 opinor,
1055 3928 1162 3995 quam
1195 3904 1266 3974 late

220 4028 341 4111 pateat
364 4020 425 4088 illa
448 4019 602 4110 partitio,
620 4028 822 4110 quantaque
843 4021 877 4088 vi
903 4003 1067 4089 dirimere
1088 4041 1131 4088 ea
1147 4020 1266 4098 valeat

221 4133 302 4219 lites
319 4134 510 4203 Poetarum
527 4156 568 4202 ao
579 4133 698 4226 jurgia
716 4135 759 4203 de
776 4135 915 4204 finibus.

422 4288 434 4321 l
452 4288 535 4344 Num.
548 4291 621 4346 xxiii.
632 4309 672 4346 10.
885 4303 895 4326 θ
914 4293 1012 4348 Psalm.
1024 4294 1062 4347 lii.
