2738 4866
233 310 277 376 94
470 308 604 371 Achillis
610 330 774 392 ρονιοιιονιι
789 310 915 392 mirifice
930 310 1063 411 ιιιδίραν
1115 333 1212 374 enan.
1224 334 1278 375 vu.

233 500 302 546 non
338 478 442 546 nimis
472 488 577 546 acute
605 480 703 559 vidit,
733 502 791 546 me
819 479 951 569 judice,
983 478 1169 563 Horatius,
1199 503 1278 549 cum

233 593 422 661 decantata
440 592 502 661 illa
519 595 668 684 scripsit,

479 721 650 775 Honoratum
663 722 686 775 si
697 722 765 775 forte
776 723 883 791 reponis
895 723 1035 786 Achillem,

373 808 498 877 Impiger,
512 807 665 870 iracundus,
677 807 855 870 inexorabilis,
868 825 935 871 acer,
975 829 977 832 ·

372 893 440 946 Jura
451 900 529 962 neget
542 893 593 946 sibi
605 901 675 955 nata,
688 892 756 944 nihil
767 910 822 946 non
835 901 939 962 arroget
950 893 1039 946 armis.

231 997 288 1067 Ea
317 999 468 1090 glorioso
503 998 643 1066 cuidam
677 996 792 1077 militi,
824 996 868 1063 de
902 997 1024 1064 castris
1054 995 1276 1064 Praetorianis

230 1119 292 1179 aut
313 1110 475 1191 Neronis,
494 1119 556 1179 aut
574 1112 682 1201 ipsius
704 1108 747 1196 (si
764 1109 895 1202 placet)
915 1107 1066 1188 Octavii,
1084 1107 1213 1178 melius
1236 1132 1275 1178 ac

230 1227 345 1295 verius
363 1228 599 1306 convenirent,
619 1239 725 1315 quam
743 1223 879 1304 ἀμύμονι
899 1221 1071 1302 Πηλείωνι.

280 1341 376 1422 Quin
400 1342 585 1421 attendite,
603 1363 730 1429 quaes0,
748 1337 934 1429 paulisper,
948 1336 1168 1414 Academici,
1190 1337 1274 1405 dum

228 1477 341 1545 pauca
358 1455 517 1545 quaedam
535 1455 657 1523 ordine
674 1474 907 1533 recensemus,
922 1451 1048 1542 quibus
1066 1451 1111 1520 ab
1128 1452 1274 1520 immani

227 1569 297 1639 ista
313 1571 456 1639 feritate
473 1567 654 1638 Achillem
679 1590 782 1636 suum
801 1567 992 1636 vindicavit
1009 1565 1135 1635 Poeta.
1189 1566 1275 1635 Non

228 1685 322 1752 enim
336 1683 472 1752 bellicis
485 1681 598 1751 solum
613 1682 802 1750 virtutibus
815 1680 908 1750 ultra
920 1680 1114 1750 humanum
1127 1682 1275 1749 modum

228 1800 376 1879 ornavit,
399 1798 460 1867 sed
488 1776 525 1865 et
546 1795 705 1887 pluribus
727 1794 805 1864 aliis
827 1796 871 1864 de
899 1795 1012 1864 causis
1034 1797 1274 1864 commendari

228 1934 310 1979 eum
339 1911 451 1980 voluit
480 1911 606 1979 animis
637 1909 832 1988 hominum,
863 1930 1054 1998 carumque
1083 1907 1208 1977 haberi
1233 1931 1273 1978 ac

227 2048 326 2115 paene
344 2033 614 2095 sacrosanctum.
960 2112 963 2117 .

279 2139 334 2208 Ac
362 2142 527 2231 primum,
554 2146 725 2230 quantum
757 2137 857 2222 illud,
885 2161 991 2228 quam
1021 2161 1138 2230 grave,
1168 2161 1272 2230 quam

227 2256 369 2345 penitus
403 2253 532 2323 affectu
562 2253 763 2323 dulcissimo
798 2254 986 2334 imbutum,
1017 2254 1111 2343 quod
1147 2262 1272 2345 sponte

227 2393 290 2439 sua
313 2371 418 2438 morti
437 2370 619 2438 addictum
641 2369 685 2437 ad
704 2367 811 2436 Ilium
829 2370 966 2437 venisse
983 2367 1120 2438 narrat!
1175 2368 1271 2437 Nam

227 2483 311 2553 licet
337 2483 532 2552 identidem
560 2505 623 2551 sua
648 2505 788 2572 quoque
818 2483 892 2551 fata
920 2505 1084 2553 revocare
1110 2484 1271 2553 videatur

227 2599 271 2667 ad
290 2597 425 2692 Μοῖραν
442 2598 550 2679 illam,
569 2598 790 2666 durissimam
807 2596 970 2665 humanae
994 2599 1097 2666 sortis
1114 2597 1271 2689 Impera-

226 2717 361 2795 tricem‚
387 2723 441 2783 est
470 2721 591 2782 tamen
617 2712 678 2780 ubi
705 2713 819 2793 docet,
846 2713 984 2781 disertis
1010 2713 1136 2795 verbis,
1163 2715 1270 2804 ipsius

227 2831 402 2899 voluntati
425 2839 460 2898 et
483 2828 628 2896 consilio
650 2851 671 2896 a
692 2827 837 2918 Superis
858 2823 965 2896 fuisse
988 2828 1210 2917 permissum,
1231 2836 1269 2896 ut

226 2946 349 3013 mortis
365 2945 440 3035 ipse
458 2965 528 3012 suae
546 2941 694 3033 eligeret
712 2953 749 3011 et
765 2963 877 3033 genus
895 2950 932 3009 et
950 2950 1223 3033 tempestatem:

302 3135 317 3165 0
365 3094 447 3165 μήτηρ
459 3095 509 3165 γάρ
521 3093 551 3146 τέ
561 3115 594 3161 με
605 3093 673 3163 φησὶ
686 3092 740 3155 θεὰ,
754 3092 829 3148 θέτις
840 3092 1010 3162 ἀργυρόπεζα,

365 3180 499 3250 διχθαδίας
511 3182 597 3248 Κῆρας
608 3177 722 3247 φερέμεν
733 3178 852 3231 θανάτοιο
863 3178 984 3232 τελοσδε.

365 3266 388 3317 εἷ
397 3265 445 3333 μέν
456 3263 477 3317 κ’
491 3264 548 3317 αὖθι
559 3264 641 3333 μένων
652 3265 746 3333 Τρώων
756 3266 834 3317 πόλιν
845 3264 1042 3334 ἀμφιμάχωμαι,

364 3349 446 3402 ὤλετο
457 3348 504 3417 μέν
515 3370 558 3417 μοι
571 3351 672 3414 νόστος,
685 3349 749 3418 ἀτὰρ
761 3349 836 3404 κλέος
847 3350 959 3420 ἄφθιτον
970 3351 1052 3404 ἔσται·

364 3437 387 3488 εί
399 3437 429 3488 δέ
440 3458 482 3489 κεν
494 3435 573 3488 οἴκαδ’
585 3435 659 3505 ἵκωμι
671 3437 753 3506 φίλην
765 3436 791 3490 ές
802 3434 913 3505 πατρίδα
924 3439 1007 3508 γαῖαν,

363 3521 445 3574 ὤλετό
457 3543 500 3590 μοι
513 3521 587 3576 κλέος
599 3520 705 3583 ἐσθλὸν,
718 3521 760 3573 ε’πὶ
773 3522 850 3591 δηρὸν
863 3521 892 3574 δέ
902 3544 946 3591 μοι
958 3522 1019 3575 αίὼν

362 3609 479 3669 ἔσσεται,
492 3608 552 3660 οὐδέ
564 3608 592 3660 κέ
602 3607 628 3676 μ’
642 3608 694 3661 ὦκα
705 3607 782 3663 τέλος
794 3609 913 3662 θανάτοιο
928 3609 1009 3678 κιχείη
1015 3616 1033 3661 ¹.

224 3730 356 3798 Nescio
391 3729 567 3818 quomodo
603 3750 667 3818 per
700 3736 817 3796 totum
857 3730 931 3819 ejus
965 3729 1042 3809 ἦθος
1075 3734 1266 3821 pervadere

221 3845 309 3913 mihi
328 3845 467 3912 videtur
483 3865 524 3912 ac
541 3843 704 3934 perfundi
722 3853 819 3912 certa
836 3843 896 3912 illa
913 3846 1036 3914 mortis
1054 3850 1265 3937 expectatio,

220 3957 425 4026 brevissimo
440 3965 600 4046 tempore
612 3963 693 4046 post
708 3954 867 4026 Hectora
880 3958 1035 4026 occisum
1053 3960 1264 4032 subeundae:

361 4083 492 4154 ὠκύμορος
504 4083 535 4152 δι’)
547 4105 599 4152 μοι,
612 4085 692 4147 τέκος,
706 4085 806 4147 ἔσσεαι,
820 4082 853 4137 οἷ’
865 4083 1003 4156 ἀγορεύεις·

361 4171 449 4223 αὐτίκα
461 4170 512 4239 γάρ
524 4191 563 4222 τοι
576 4171 664 4242 ἔπειτα
675 4169 730 4238 μεθ
739 4168 852 4240 Ἕκτορα
864 4173 963 4236 πότμος
974 4172 1075 4240 ἑτοῖμος
1082 4170 1102 4225 ¹³.

360 4310 374 4340 ⁸
393 4304 424 4357 ll.
438 4305 473 4357 ix.
487 4320 548 4369 410.
965 4305 976 4337 ¹³
994 4306 1065 4360 xviii.
1078 4321 1123 4377 95.
1195 4337 1201 4348 ·

1320 4356 1330 4389 4
