2738 4866
160 321 226 385 888
249 317 334 399 de
342 317 377 382 ὅτι
393 313 531 403 Trepida
545 314 643 380 crau
655 314 808 379 interdum
819 313 853 378 rb
864 319 987 396 γελοῖον
1001 336 1009 375 r
1035 334 1132 376 rann.
1144 333 1210 375 xm.

162 490 259 574 Quin
276 497 314 561 et
332 488 494 580 Opheliae
512 488 778 558 moestissimum
796 485 902 554 funus
921 484 1129 575 auspicatur
1145 485 1211 554 fos-

160 625 279 676 sorum
297 627 368 695 par,
386 603 480 675 inter
506 625 544 674 se
561 625 624 674 suo
642 624 741 672 more
758 599 888 670 rustice
904 607 943 668 et
960 599 1211 690 intempestive

162 720 407 814 garrientium.
459 718 639 789 Sexcenta
664 723 748 788 sunt
771 715 849 798 alia,
876 737 953 806 quae
981 715 1119 784 nemini
1144 737 1211 784 non

161 834 306 905 venient
324 835 361 903 in
379 842 550 903 mentem.

212 943 343 1042 Neque
365 971 448 1018 vero
469 970 548 1018 eam
572 970 647 1017 rem
667 946 752 1017 solis
773 954 959 1038 poetarum
979 943 1210 1026 acuminibus,

161 1062 380 1159 Tregleoque
413 1064 561 1134 artificio
592 1062 714 1132 deberi
743 1061 964 1131 crediderim.
1031 1059 1210 1129 Nimirum

158 1180 237 1251 istis
270 1202 342 1249 non
371 1180 478 1248 modo
508 1177 607 1269 quasi
634 1177 819 1247 contrariis
847 1174 1064 1267 percellitur,
1094 1174 1212 1267 erigit-

160 1317 230 1385 que
250 1317 289 1365 se
307 1296 455 1374 animus,
477 1293 538 1364 sed
565 1301 603 1362 et
623 1293 850 1384 profundiore
871 1291 1026 1383 quodam
1048 1289 1211 1359 humanae

161 1410 265 1479 sortis
285 1429 390 1479 sensu
412 1405 592 1502 tangitur3
622 1425 813 1498 veramque
833 1405 1062 1476 mortalitatis
1084 1414 1211 1475 nortrae

160 1519 314 1614 effigiem
331 1520 500 1614 agnoscit,
518 1520 678 1590 molestis
694 1518 765 1590 illis
782 1521 977 1612 subitisque
994 1543 1115 1590 rerum
1132 1542 1211 1589 con-

160 1636 390 1707 versionibus.
442 1636 577 1706 Extitit
604 1637 712 1706 etiam
740 1635 808 1706 hae
836 1637 1010 1706 memoria
1035 1636 1091 1704 vir
1117 1659 1212 1727 mag«

160 1773 239 1834 nus,
255 1775 348 1835 acer,
365 1751 616 1832 memorabilis,
629 1752 691 1842 qui
708 1751 840 1821 afflicto
857 1753 1028 1835 exercitu,
1047 1753 1124 1843 ipse
1140 1751 1211 1821 fere

159 1863 285 1957 capitia
306 1865 431 1948 minor,
453 1866 633 1937 confessus
656 1875 711 1936 est
734 1866 903 1938 Fortunae
927 1867 1067 1959 lapsum
1091 1866 1148 1936 rel
1170 1888 1211 1935 eo

159 1979 235 2050 fieri
263 1981 491 2062 acerbiorem,
518 1983 613 2072 quod
643 1982 804 2073 proxime
830 1982 922 2051 absit
947 2004 968 2051 a
994 1980 1081 2050 ludo
1107 1989 1211 2071 atque

152 2090 266 2184 jocos.
319 2094 468 2164 Nefaria
488 2096 550 2164 ille
573 2096 717 2187 quidem
742 2105 780 2166 et
805 2096 981 2178 atrociter,
1004 2096 1067 2187 qui
1090 2094 1211 2165 luserit

158 2210 195 2278 in
231 2232 295 2280 auo
331 2210 489 2303 flagitio;
531 2212 568 2281 id
602 2220 722 2282 tamen
752 2218 920 2302 peracute
954 2233 996 2280 ae
1030 2211 1210 2280 verissime

160 2324 308 2407 dictum,
343 2327 521 2417 pertinere
555 2327 700 2395 omnino
734 2327 779 2396 ad
813 2324 987 2396 malorum
1017 2326 1210 2408 cumulum,

161 2441 256 2531 quod
281 2441 331 2510 rei
353 2441 523 2532 cujusque
546 2463 687 2533 magnae
710 2441 983 2532 miserrimeque
1004 2441 1135 2510 vicinia
1159 2463 1210 2511 re·

160 2555 252 2624 ferta
274 2554 320 2624 sit
345 2557 434 2625 adeo
460 2553 621 2624 ludibriis
647 2563 755 2646 atque
777 2554 891 2648 nugis.
943 2553 1142 2648 Anguntur
1161 2558 1210 2624 in-

160 2668 293 2752 felices,
315 2669 461 2761 (quippe
482 2670 658 2740 teneriore
679 2693 819 2762 semper
839 2671 972 2764 animo)
995 2670 1109 2741 veluti
1132 2670 1209 2740 Nu-

159 2784 314 2854 minibus
335 2785 419 2876 ipsis
440 2782 676 2867 irridentibus,
698 2784 728 2855 si
750 2785 843 2876 quod
865 2786 1012 2855 fortasse
1034 2787 1154 2856 medio
1174 2786 1209 2855 in

160 2898 261 2969 luctu
283 2898 437 2992 vulgare,
459 2897 610 2981 triviale,
631 2896 818 2968 ridiculum
836 2910 1007 2970 occurrat.
1060 2901 1118 2971 Ac
1136 2902 1209 2970 fieri

159 3022 289 3105 potest,
320 3025 362 3084 ut
396 3014 469 3085 tale
503 3014 635 3106 aliquid
671 3017 706 3083 in
742 3035 847 3085 causa
880 3017 938 3098 sit,
968 3040 1031 3086 cur
1066 3026 1122 3088 tot
1156 3041 1209 3088 res

159 3129 319 3201 leviculae
341 3154 405 3223 per
434 3154 471 3200 se
499 3154 540 3201 ac
570 3129 715 3201 ludiorae
741 3130 912 3201 laevorum
940 3135 1099 3203 ominum
1132 3134 1208 3204 loco

157 3244 364 3328 habeantur,
390 3270 462 3316 non
487 3248 593 3315 modo
621 3255 781 3316 veterum
809 3247 1039 3317 Etruscorum
1058 3248 1207 3339 judicio,

158 3361 220 3429 aed
242 3370 280 3431 et
298 3363 456 3453 omnium
474 3362 548 3429 fere
565 3361 760 3444 hominum,
778 3360 905 3452 quibus
922 3360 996 3432 ulla
1016 3371 1101 3432 sunt
1118 3387 1208 3434 curae

157 3475 314 3566 auguria.
367 3473 560 3567 Utcunque
579 3477 657 3558 erit,
676 3477 827 3546 arbitror
844 3479 1007 3568 equidem
1026 3501 1098 3547 non
1117 3479 1208 3549 bene

157 3597 277 3658 actum
308 3590 349 3659 iri
380 3613 461 3661 oum
492 3592 686 3683 Tragoedia,
713 3594 830 3684 siquis,
857 3595 1094 3663 recentiorum
1125 3592 1209 3664 Gal-

157 3701 272 3773 lorum
294 3728 402 3786 more,
428 3728 474 3775 ex
499 3709 574 3797 ejus
597 3707 726 3777 finibus
751 3707 896 3778 exulare
919 3731 1060 3799 prorsus
1079 3709 1209 3799 jubeat

156 3819 308 3888 comicas
333 3820 370 3887 id
394 3841 507 3912 genus
531 3844 707 3912 personas.
760 3822 851 3892 Eam
877 3832 973 3892 certe
1005 3847 1115 3915 quam
1145 3847 1209 3895 nos

156 3939 348 4004 tractemus
369 3933 525 4005 fabulam
542 3959 706 4007 mancam
724 3947 832 4028 atque
850 3938 1003 4009 debilem
1026 3939 1105 4011 fore
1126 3963 1209 4010 een-

157 4067 228 4128 seo,
259 4049 426 4119 detractis
452 4051 583 4142 garruli
614 4051 698 4122 lioet
724 4054 881 4124 custodis
908 4055 1089 4145 partibus3
1129 4080 1208 4147 quae

418 4300 430 4337 f
447 4301 531 4365 Scott,
544 4303 607 4369 We
619 4304 653 4370 of
660 4304 805 4372 Napaeae,
818 4306 863 4360 vii.
877 4322 938 4375 393⁴
