2738 4866
155 315 223 379 342
291 313 446 377 Laooiaioe
459 313 548 398 apud
560 311 836 395 AErolylsmsauaa
849 309 986 380 delicati,
1033 328 1208 378 ιιιπωιι.

301 483 383 545 κτεῖνε
394 478 426 535 δι’
439 480 577 552 ᾂφραδίαε,
589 485 681 550 κοῦρον
693 477 785 549 Ζήθοιο
796 477 912 543 &amo

301 567 335 623 ιἐι
352 567 393 620 καλ
411 566 469 636 ίμοὶ
486 567 561 637 δίχα
578 566 673 636 θυμὸς
689 566 839 635 ὀρώρεται
857 564 929 618 ἔνθα
946 564 996 617 καί
1014 563 1098 621 ἔνθα.

162 703 303 776 Videtis
330 704 368 772 in
393 724 437 772 eo
462 725 538 776 rem
560 703 660 785 verti,
688 709 732 774 ut
755 699 922 792 quioquid
943 699 1082 774 varium
1108 703 1209 767 sonet

161 843 203 891 ao
233 817 417 901 mutabile,
443 818 480 889 id
503 818 638 918 optime
664 817 824 895 lusoiniae
849 814 1026 886 oantantls
1052 811 1208 882 indolem

161 935 349 1027 exprimat.

214 1047 353 1119 Verum
383 1047 429 1118 ad
454 1046 661 1140 AEsohylum
686 1047 884 1129 redeamus,
908 1053 1017 1136 atque
1051 1041 1096 1111 ad
1128 1039 1211 1110 Oas-

164 1164 328 1233 sandram
352 1163 447 1253 ejus:
483 1185 576 1253 quae,
599 1170 642 1232 ut
668 1162 754 1247 dixi,
777 1168 974 1231 memorata
1000 1153 1210 1235 Philomela,

163 1301 236 1347 uon
270 1286 312 1348 ut
345 1279 474 1359 ooeteri,
508 1276 627 1347 luotus
660 1300 740 1347 eam
778 1275 889 1350 habet
922 1271 1118 1365 exemplar,
1152 1269 1211 1339 sed

165 1391 263 1473 laetae
279 1393 393 1487 magis
414 1400 523 1485 atque
540 1393 663 1463 otiosae
680 1393 772 1466 vita.

371 1552 428 1618 Ἰν,
440 1555 541 1626 λιγείαε
550 1556 633 1625 μόρον
643 1553 759 1622 ἇηδόνοε,

378 1641 522 1710 περίβολον
532 1641 584 1712 γὰρ
595 1641 621 1694 oi
631 1641 797 1710 πτεροφόρον
808 1637 886 1708 δέμοε

341 1725 406 1791 θεοί,
417 1724 516 1798 γλυκύν
526 1725 549 1780 τ’
561 1727 640 1786 ulium
651 1727 802 1796 κλαυμάτων
813 1724 883 1796 ἅπερ·

344 1811 401 1881 ε’μοί
413 1813 442 1879 δὲ
452 1812 538 1892 μίμνει
549 1814 665 1891 σχισμὸς
676 1811 789 1884 ἀμφήκει
800 1811 867 1892 δορί·

219 1955 308 2028 Haeo
326 1959 487 2049 proxime
503 1959 633 2030 absunt
649 1983 671 2031 a
686 1967 771 2029 voto
788 1957 997 2030 sacrosancti
1016 1949 1171 2027 Vatisl:

344 2119 360 2188 i
374 2119 466 2191 καρδία
477 2143 528 2190 μου
540 2121 670 2193 c’rapdxllq
682 2121 710 2177 ἕν
721 2121 788 2190 ἔμολ’

345 2206 387 2265 καί
399 2207 484 2262 δειλία
496 2207 606 2262 θανάτου
617 2208 744 2263 ἐπέπεσεν
755 2206 795 2262 ἔπ’
807 2206 862 2276 ε’μέ·

344 2294 431 2364 φόβοι
443 2294 485 2350 καί
496 2296 591 2365 τρόμοι
601 2292 681 2362 ήλθεν
692 2293 731 2352 ἐπ’
745 2293 799 2363 ἐμὲ,

346 2379 388 2434 καί
400 2379 520 2451 εἰιᾶλνψέ
528 2403 561 2450 με
573 2383 676 2437 σκότος’

345 2466 388 2528 καί
396 2463 464 2531 εἶπα,
472 2468 512 2524 τὶς
520 2468 599 2529 δώσει
608 2489 652 2544 μοι
662 2466 792 2547 πτέρυγας
802 2465 867 2521 ὡσεί
877 2466 1051 2544 περιστερᾶς,

348 2552 390 2604 καλ
401 2552 600 2623 πετασθήσομοι
613 2555 654 2607 καί
666 2551 830 2617 κατοπαΰσω’

348 2637 413 2702 ίδοὺ,
426 2638 552 2709 ε’μάκρυνο
563 2637 725 2710 φυγαδεῦων,

348 2724 390 2778 κοί
401 2724 528 2803 polluto
540 2724 609 2794 ε’ντῇ
623 2723 717 2797 ἐρήμῳ.

173 2868 270 2937 Illud
303 2870 461 2953 interest,
504 2872 598 2963 quod
640 2871 677 2939 in
717 2870 860 2940 Psalmo
901 2890 1035 2961 pennas
1076 2876 1219 2938 tantum

175 2991 275 3074 optat
295 2985 431 3069 infelix,
448 2988 576 3077 quibus
596 2986 706 3056 semel
724 2988 761 3054 in
779 2993 899 3054 tutum
916 2985 1026 3076 possit
1046 2984 1220 3076 migrare3

175 3097 371 3169 Cassandra
411 3100 555 3191 peroelli
598 3123 635 3171 se
673 3100 847 3193 significat
884 3099 981 3168 miris
1024 3099 1101 3188 ejus
1134 3098 1220 3167 vitae

177 3211 320 3294 deliciis,
342 3236 459 3304 quam,
480 3224 522 3284 ut
542 3238 765 3308 auguramur,
790 3236 925 3284 oanorae
945 3211 1107 3281 volueres
1128 3212 1222 3280 inter

176 3333 232 3394 ter
265 3326 350 3396 folia
386 3328 558 3420 floresque
597 3330 783 3422 sylvestres
821 3329 967 3422 degunt.
1035 3325 1094 3396 Αο
1133 3326 1221 3399 mihi

177 3448 274 3510 oerte
299 3440 454 3522 lusciniae
480 3469 549 3514 vox
576 3468 646 3547 prae
672 3468 710 3519 se
736 3445 943 3545 plerumque
968 3443 1060 3516 ferre
1081 3441 1223 3510 videtur

179 3553 297 3654 γλύκυν
319 3558 417 3637 αἰῶνα
442 3557 635 3642 κλαυμάτων
655 3557 749 3655 ὅπερ.
797 3559 904 3629 Adeo
926 3558 963 3627 in
989 3556 1057 3626 hae
1081 3575 1223 3647 quoque

177 3692 216 3738 re
252 3694 323 3742 non
357 3676 463 3755 modo
497 3676 576 3768 plus
611 3677 699 3746 vidit
733 3674 920 3767 AEsohylus
960 3679 1082 3741 noster
1116 3691 1222 3761 quam

178 3784 304 3878 vulgus
340 3788 542 3873 Poetarum,
584 3815 707 3861 verum
746 3792 865 3874 etiam,
900 3788 1038 3859 curiosa
1071 3782 1225 3876 quadam

180 3897 360 3985 felicitate,
378 3906 524 3975 assumit
548 3907 614 3976 sibi
635 3907 734 3977 velut
754 3914 872 3998 partes
898 3925 1032 3974 canorae
1058 3899 1168 3983 alitis,
1188 3907 1226 3974 et

180 4019 296 4092 totum
315 4039 353 4092 se
365 4019 401 4088 ln
420 4021 495 4110 ejus
511 4042 695 4110 personam
713 4020 889 4102 transfert.

593 4280 603 4310 ¹¹
623 4282 719 4342 Psalm.
732 4282 768 4334 lv.
782 4301 807 4355 4,
