2738 4866
153 349 249 396 enar.
261 354 304 395 rx.
336 325 503 395 Ηοοιονόοα
517 327 656 414 quaedum
671 332 707 393 de
720 325 828 393 οοιοιόκ
842 326 1026 413 tranquillis.
1137 328 1201 396 129

153 512 228 563 nnn
262 490 413 562 rhetoris
445 491 627 583 eujusdam
663 498 725 559 aut
759 489 933 580 rhapsodi,
959 491 1021 558 sed
1050 490 1201 580 gregarii

155 609 276 699 potius
292 607 426 676 militis.
479 605 581 675 Solet
595 613 718 673 autem
736 603 771 672 id
789 624 902 696 genus
919 603 1105 672 hominum
1127 622 1202 671 rna·

150 722 267 813 jerem
285 723 322 791 in
343 722 490 790 modum
512 720 726 789 commoveri
746 719 931 810 grandiore
948 719 1070 808 quavis
1088 713 1201 799 turba,

155 837 272 926 qualis
298 838 349 918 lit,
385 838 519 928 opinor,
547 833 850 903 tumultuantibus
875 834 1017 902 eastris:
1056 854 1136 924 quae
1172 833 1201 902 si

157 952 275 1021 verbis
308 951 376 1021 erit
409 947 629 1040 explicanda,
658 950 795 1017 mimm¹
822 949 860 1016 ni
894 947 946 1016 illi
979 949 1202 1041 ὑπερβολικῶς

132 1063 135 1068 ’
157 1062 343 1154 complura
367 1070 521 1144 narrent,
542 1069 580 1131 et
606 1062 819 1142 rotundiora,
838 1081 944 1151 quam
964 1061 1032 1151 'par
1057 1061 1114 1141 sit,
1132 1083 1203 1129 ore.

160 1175 237 1246 Illis
260 1171 383 1269 itanue
397 1178 525 1246 'mmor
549 1196 612 1266 per
633 1183 748 1245 eastra
770 1197 852 1245 casu
873 1174 1014 1244 deditus
1039 1175 1128 1243 ὄσσα
1153 1175 1204 1255 fit,

158 1288 242 1366 Διὸς
267 1288 435 1382 ἅγγελοςε
462 1299 593 1360 terram
617 1292 730 1382 ipsam
755 1289 968 1382 ingemuisse
993 1291 1094 1360 aiunt
1119 1297 1207 1360 stre-

159 1404 240 1496 pitu
270 1406 436 1488 militum,
461 1386 544 1475 eum
570 1405 707 1498 impetu
729 1404 883 1496 quodam
908 1407 1142 1474 sternentium
1168 1427 1206 1476 se

160 1541 250 1589 cavo
267 1520 304 1589 in
322 1521 477 1613 cespite3

375 1695 574 1710 ........
594 1657 644 1710 ὑπὸ
656 1657 684 1710 δέ
696 1657 863 1726 στοναχίζετο
874 1659 944 1725 γαῖα,

331 1771 334 1775 ·
372 1744 443 1797 λαῶν
455 1743 560 1809 ἱζόντων
579 1779 917 1798 .............

160 1862 260 1947 Quin
294 1872 462 1935 sexcenta
495 1872 578 1957 sunt
615 1863 799 1955 ejusmodi,
834 1864 971 1955 quibus,
1006 1867 1067 1955 qui
1101 1863 1207 1945 volet,

162 1978 268 2049 facile
300 1976 489 2075 intelliget,
521 1977 721 2049 Homerum
751 2000 823 2048 non
854 1977 975 2048 audita
1009 1979 1117 2069 loqui,
1147 1980 1208 2050 sed

162 2105 333 2185 tanquam
369 2117 480 2164 unum
520 2095 565 2163 de
602 2091 718 2185 plebe,
753 2115 834 2184 qnae
876 2117 977 2164 aures
1017 2094 1208 2186 oculosque

162 2205 366 2275 acutissime
391 2206 671 2297 perstrinxerim,
692 2228 735 2275 ea
756 2204 999 2298 grandioribus
1020 2227 1116 2297 saepe
1134 2228 1211 2275 ver-

163 2319 229 2401 bis,
245 2341 353 2410 quam
370 2342 426 2390 res
442 2343 506 2412 per
522 2343 560 2390 se
578 2319 680 2402 ferat,
698 2342 869 2389 enarrare.

216 2432 322 2516 Quod
344 2435 510 2526 quoniam
535 2434 573 2502 iu
597 2434 720 2503 eastris
745 2430 960 2503 turbulentis
990 2435 1074 2504 satis
1101 2456 1210 2525 expo·

163 2548 311 2630 suimus,
322 2548 398 2639 jam
414 2548 459 2618 ad
476 2539 602 2639 pacata
618 2556 657 2618 et
673 2548 863 2638 tranquilla
875 2550 1066 2618 veniamus.
1114 2547 1213 2618 Noe-

164 2674 288 2733 tnrnas
312 2663 515 2733 intueamur
539 2663 670 2739 dueum
693 2661 840 2755 vigilias,
865 2662 911 2732 de
936 2662 1064 2754 quibus
1089 2664 1126 2731 in
1153 2663 1213 2731 de-

164 2779 260 2848 eimo
282 2778 373 2847 libro
390 2777 512 2849 Iliadis
527 2780 654 2870 agitur.
706 2777 837 2869 Neque
854 2801 937 2848 vero
955 2800 1020 2848 nos
1035 2778 1103 2846 hoe
1121 2787 1212 2846 tem-

165 2915 253 2986 pore
282 2893 466 2963 laudamus
495 2892 697 2985 praeelaram
723 2892 822 2962 illam
849 2892 1130 2986 Agamemnonis
1159 2893 1213 2961 in-

164 3008 300 3078 somnis
317 3003 552 3102 imaginemb:

344 3137 379 3191 ds
387 3103 413 3189 ιδ’
426 3133 488 3190 ὅταν
499 3135 635 3205 ἀστράπτῃ
647 3136 726 3190 πόσις
734 3133 818 3204 Ἥρης
829 3135 960 3203 ἠϋκόμοιο,

342 3220 442 3292 τοίχων
452 3221 470 3290 ἦ
480 3222 563 3277 πολῦν
574 3221 673 3292 ὄμβρον
684 3221 844 3292 ἀθέσφατον,
857 3219 886 3288 ἠέ
897 3222 1020 3291 χάλαζαν,

343 3307 359 3374 ἣ
372 3308 485 3378 νίφετον,
499 3306 542 3361 ὅτε
553 3308 603 3377 πέρ
615 3329 643 3361 τε
656 3307 721 3375 χίων
733 3307 857 3361 ἐπάλυνεν
868 3305 987 3376 όροόρας,

343 3389 375 3460 ἦέ
380 3392 443 3447 ποθι
454 3392 595 3462 πτολέμοιο
607 3393 673 3463 μέγα
684 3395 771 3461 στόμα
781 3392 953 3447 πευκεδανοῖο·

343 3479 379 3534 dr
389 3475 470 3533 πόκον
483 3478 510 3532 έν
522 3477 668 3546 στήθεσσιν
678 3477 854 3548 όνεστονόχιζ
865 3476 1031 3547 Ἀγαμέμνων

345 3563 441 3618 νειόθεν
452 3563 481 3617 ἔκ
493 3562 606 3633 κραδίης·
624 3564 766 3634 τρομέοντο
775 3564 805 3617 δὲ
816 3564 841 3617 οἱ
853 3564 947 3634 φρένες
959 3563 1038 3618 ἐντός.

344 3653 401 3718 ἤτοι
413 3649 450 3703 ὅτ’
463 3649 490 3705 ές
501 3650 589 3704 πεδίον
601 3651 631 3703 τό
643 3651 766 3720 Τρυῖικόν
777 3648 923 3718 όθρίρσειεν,

344 3734 471 3804 θαύμαζεν
481 3736 552 3805 πυρὰ
561 3736 659 3798 πολλὰ,
671 3737 704 3789 τό
715 3736 800 3791 κοίετο
812 3734 903 3789 Ἰλιόθι
914 3737 975 3805 πρὸ,

345 3821 435 3874 αὐλῶν
446 3821 579 3891 συρίγγων
589 3819 611 3874 τ’
624 3819 727 3888 ἐνοπήν,
741 3820 837 3890 όωδον
848 3820 870 3874 τ’
883 3820 1030 3890 ἀνθρώπων.

345 3903 426 3975 αθταρ
438 3904 475 3961 ὅτ’
487 3906 514 3962 έτ
525 3907 585 3975 vinis
596 3929 624 3960 τε
635 3905 688 3961 lta
699 3907 741 3960 καί
751 3908 816 3960 λαόν
826 3906 946 3976 Ἀχαιῶν,

325 4035 331 4047 .,
345 3993 447 4048 πολλὰς
459 3991 487 4046 ἐκ
498 3994 613 4063 κεφαλῆς
624 3991 816 4062 προθελύμνους
827 3992 918 4046 ἕλκετο
930 3990 1021 4062 χαίτας

347 4077 427 4148 ὑψόθ
440 4079 508 4134 ε’όντι
520 4081 571 4133 An·
590 4079 657 4151 μέγα
669 4079 691 4134 δ’
704 4081 793 4136 ἔστενε
806 4080 945 4148 κυδάλιμον
957 4081 1003 4147 κῆρ
1024 4117 1029 4130 .
1051 4117 1057 4130 .
1079 4118 1085 4129 .

587 4304 602 4341 b
615 4303 648 4357 ll.
660 4322 687 4356 x.
700 4305 794 4371 5-16.

659 4412 685 4462 K
