<?xml version="1.0" encoding="UTF-8"?>
<!DOCTYPE html PUBLIC "-//W3C//DTD XHTML 1.0 Transitional//EN"
    "http://www.w3.org/TR/xhtml1/DTD/xhtml1-transitional.dtd">
<html xmlns="http://www.w3.org/1999/xhtml" xml:lang="en" lang="en">
 <head>
  <title>
</title>
<meta http-equiv="Content-Type" content="text/html;charset=utf-8" />
  <meta name='ocr-system' content='tesseract 3.04.00' />
  <meta name='ocr-capabilities' content='ocr_page ocr_carea ocr_par ocr_line ocrx_word'/>
</head>
<body>
  <div class='ocr_page' id='page_1' title='image "./depoeticaevimed01keblgoog_0218.png"; bbox 0 0 2738 4866; ppageno 0'>
   <div class='ocr_carea' id='block_1_1' title="bbox 254 1583 1108 1673">
    <p class='ocr_par' dir='ltr' id='par_1_1' title="bbox 254 1583 1108 1673">
     <span class='ocr_line' id='line_1_1' title="bbox 254 1583 1108 1673; baseline 0.008 -9"><span class='ocrx_word' id='word_1_1' title='bbox 254 1583 611 1669; x_wconf 88' lang='lat' dir='ltr'>PRAELECTIO</span> <span class='ocrx_word' id='word_1_2' title='bbox 642 1588 873 1672; x_wconf 86' lang='lat' dir='ltr'><strong>DECIMA</strong></span> <span class='ocrx_word' id='word_1_3' title='bbox 903 1591 1108 1673; x_wconf 87' lang='lat' dir='ltr'>SEXTA.</span> 
     </span>
    </p>
   </div>
   <div class='ocr_carea' id='block_1_2' title="bbox 156 2038 1211 4178">
    <p class='ocr_par' dir='ltr' id='par_1_2' title="bbox 157 2038 1207 2609">
     <span class='ocr_line' id='line_1_2' title="bbox 157 2038 1206 2113; baseline 0.008 -21"><span class='ocrx_word' id='word_1_4' title='bbox 157 2038 296 2093; x_wconf 81' lang='lat' dir='ltr'><em>Homerum</em></span> <span class='ocrx_word' id='word_1_5' title='bbox 313 2059 343 2094; x_wconf 90' lang='lat' dir='ltr'><strong><em>eo</em></strong></span> <span class='ocrx_word' id='word_1_6' title='bbox 360 2049 472 2112; x_wconf 83' lang='lat' dir='ltr'><strong><em>tempore</em></strong></span> <span class='ocrx_word' id='word_1_7' title='bbox 489 2043 610 2111; x_wconf 78' lang='lat' dir='ltr'><strong><em>cipuisce,</em></strong></span> <span class='ocrx_word' id='word_1_8' title='bbox 630 2061 680 2113; x_wconf 80' lang='lat' dir='ltr'><strong><em>quo</em></strong></span> <span class='ocrx_word' id='word_1_9' title='bbox 698 2044 820 2098; x_wconf 74' lang='lat' dir='ltr'><strong><em>credibile</em></strong></span> <span class='ocrx_word' id='word_1_10' title='bbox 833 2051 870 2098; x_wconf 78' lang='lat' dir='ltr'><strong><em>eit</em></strong></span> <span class='ocrx_word' id='word_1_11' title='bbox 888 2063 943 2098; x_wconf 83' lang='lat' dir='ltr'><strong><em>eum</em></strong></span> <span class='ocrx_word' id='word_1_12' title='bbox 960 2047 1068 2099; x_wconf 81' lang='lat' dir='ltr'><strong><em>moeime</em></strong></span> <span class='ocrx_word' id='word_1_13' title='bbox 1079 2046 1206 2099; x_wconf 75' lang='lat' dir='ltr'><strong><em>desiderio</em></strong></span> 
     </span>
     <span class='ocr_line' id='line_1_3' title="bbox 190 2128 1207 2200; baseline 0.008 -23"><span class='ocrx_word' id='word_1_14' title='bbox 190 2143 276 2178; x_wconf 83' lang='lat' dir='ltr'><strong><em>rerum</em></strong></span> <span class='ocrx_word' id='word_1_15' title='bbox 294 2128 453 2181; x_wconf 73' lang='lat' dir='ltr'><strong><em>heroicarum</em></strong></span> <span class='ocrx_word' id='word_1_16' title='bbox 469 2131 539 2197; x_wconf 75' lang='lat' dir='ltr'><strong><em>capi.</em></strong></span> <span class='ocrx_word' id='word_1_17' title='bbox 579 2130 681 2199; x_wconf 79' lang='lat' dir='ltr'><strong><em>Optimo</em></strong></span> <span class='ocrx_word' id='word_1_18' title='bbox 697 2131 847 2183; x_wconf 79' lang='lat' dir='ltr'><strong><em>Groeocrum</em></strong></span> <span class='ocrx_word' id='word_1_19' title='bbox 861 2132 995 2184; x_wconf 83' lang='lat' dir='ltr'><strong><em>literarum</em></strong></span> <span class='ocrx_word' id='word_1_20' title='bbox 1004 2133 1069 2200; x_wconf 83' lang='lat' dir='ltr'><strong><em>sato</em></strong></span> <span class='ocrx_word' id='word_1_21' title='bbox 1087 2131 1207 2195; x_wconf 79' lang='lat' dir='ltr'><strong><em>comicae,</em></strong></span> 
     </span>
     <span class='ocr_line' id='line_1_4' title="bbox 190 2213 1207 2286; baseline 0.005 -21"><span class='ocrx_word' id='word_1_22' title='bbox 190 2218 221 2264; x_wconf 78' lang='lat' dir='ltr'><strong><em>ut</em></strong></span> <span class='ocrx_word' id='word_1_23' title='bbox 244 2213 269 2265; x_wconf 79' lang='lat' dir='ltr'><strong><em>is</em></strong></span> <span class='ocrx_word' id='word_1_24' title='bbox 286 2214 451 2281; x_wconf 75' lang='lat' dir='ltr'><strong><em>potissimam</em></strong></span> <span class='ocrx_word' id='word_1_25' title='bbox 474 2214 576 2267; x_wconf 76' lang='lat' dir='ltr'><strong><em>ceteris</em></strong></span> <span class='ocrx_word' id='word_1_26' title='bbox 599 2215 714 2268; x_wconf 78' lang='lat' dir='ltr'><strong><em>ommibus</em></strong></span> <span class='ocrx_word' id='word_1_27' title='bbox 736 2216 863 2285; x_wconf 75' lang='lat' dir='ltr'><strong><em>specimen</em></strong></span> <span class='ocrx_word' id='word_1_28' title='bbox 887 2223 913 2269; x_wconf 88' lang='lat' dir='ltr'><strong><em>et</em></strong></span> <span class='ocrx_word' id='word_1_29' title='bbox 936 2218 1064 2286; x_wconf 85' lang='lat' dir='ltr'><strong><em>ecemplcr</em></strong></span> <span class='ocrx_word' id='word_1_30' title='bbox 1088 2217 1207 2270; x_wconf 76' lang='lat' dir='ltr'><strong><em>ediderit.</em></strong></span> 
     </span>
     <span class='ocr_line' id='line_1_5' title="bbox 193 2296 1206 2372; baseline 0.006 -22"><span class='ocrx_word' id='word_1_31' title='bbox 193 2296 326 2356; x_wconf 70' lang='lat' dir='ltr'><strong><em>Querilur</em></strong></span> <span class='ocrx_word' id='word_1_32' title='bbox 349 2315 384 2352; x_wconf 84' lang='lat' dir='ltr'><strong><em>cm</em></strong></span> <span class='ocrx_word' id='word_1_33' title='bbox 408 2300 521 2353; x_wconf 81' lang='lat' dir='ltr'><strong><em>Pocticoe</em></strong></span> <span class='ocrx_word' id='word_1_34' title='bbox 539 2301 683 2370; x_wconf 76' lang='lat' dir='ltr'><strong><em>profuerit,</em></strong></span> <span class='ocrx_word' id='word_1_35' title='bbox 707 2302 829 2370; x_wconf 81' lang='lat' dir='ltr'><strong><em>optimum</em></strong></span> <span class='ocrx_word' id='word_1_36' title='bbox 848 2320 969 2372; x_wconf 76' lang='lat' dir='ltr'><strong><em>querique</em></strong></span> <span class='ocrx_word' id='word_1_37' title='bbox 988 2303 1103 2372; x_wconf 86' lang='lat' dir='ltr'><strong><em>primum</em></strong></span> <span class='ocrx_word' id='word_1_38' title='bbox 1118 2304 1206 2371; x_wconf 83' lang='lat' dir='ltr'><strong><em>ferme</em></strong></span> 
     </span>
     <span class='ocr_line' id='line_1_6' title="bbox 191 2384 1206 2466; baseline 0.006 -30"><span class='ocrx_word' id='word_1_39' title='bbox 191 2384 311 2452; x_wconf 79' lang='lat' dir='ltr'><strong><em>oipaisee.</em></strong></span> <span class='ocrx_word' id='word_1_40' title='bbox 348 2385 438 2466; x_wconf 80' lang='lat' dir='ltr'><strong><em>Pauca</em></strong></span> <span class='ocrx_word' id='word_1_41' title='bbox 455 2386 570 2455; x_wconf 76' lang='lat' dir='ltr'><strong><em>quadam</em></strong></span> <span class='ocrx_word' id='word_1_42' title='bbox 589 2387 620 2439; x_wconf 91' lang='lat' dir='ltr'><strong><em>de</em></strong></span> <span class='ocrx_word' id='word_1_43' title='bbox 638 2388 794 2451; x_wconf 78' lang='lat' dir='ltr'><strong><em>Minoribus,</em></strong></span> <span class='ocrx_word' id='word_1_44' title='bbox 814 2389 860 2458; x_wconf 77' lang='lat' dir='ltr'><strong><em>qui</em></strong></span> <span class='ocrx_word' id='word_1_45' title='bbox 872 2395 1006 2452; x_wconf 79' lang='lat' dir='ltr'><strong><em>vocamur,</em></strong></span> <span class='ocrx_word' id='word_1_46' title='bbox 1027 2389 1125 2442; x_wconf 82' lang='lat' dir='ltr'><strong><em>Poetis.</em></strong></span> <span class='ocrx_word' id='word_1_47' title='bbox 1158 2390 1206 2442; x_wconf 79' lang='lat' dir='ltr'><strong><em>Al·</em></strong></span> 
     </span>
     <span class='ocr_line' id='line_1_7' title="bbox 190 2471 1206 2545; baseline 0.007 -23"><span class='ocrx_word' id='word_1_48' title='bbox 190 2487 277 2532; x_wconf 84' lang='lat' dir='ltr'><strong><em>ccum,</em></strong></span> <span class='ocrx_word' id='word_1_49' title='bbox 297 2471 412 2540; x_wconf 71' lang='lat' dir='ltr'><strong><em>Sappho,</em></strong></span> <span class='ocrx_word' id='word_1_50' title='bbox 431 2471 621 2535; x_wconf 71' lang='lat' dir='ltr'><strong><em>Archilochum,</em></strong></span> <span class='ocrx_word' id='word_1_51' title='bbox 640 2473 803 2536; x_wconf 73' lang='lat' dir='ltr'><strong><em>Simonidem,</em></strong></span> <span class='ocrx_word' id='word_1_52' title='bbox 818 2491 864 2526; x_wconf 82' lang='lat' dir='ltr'><strong><em>sao</em></strong></span> <span class='ocrx_word' id='word_1_53' title='bbox 884 2492 1005 2545; x_wconf 75' lang='lat' dir='ltr'><strong><em>quemque</em></strong></span> <span class='ocrx_word' id='word_1_54' title='bbox 1016 2493 1108 2544; x_wconf 78' lang='lat' dir='ltr'><strong><em>perere</em></strong></span> <span class='ocrx_word' id='word_1_55' title='bbox 1116 2476 1206 2542; x_wconf 80' lang='lat' dir='ltr'><strong><em>fcisse</em></strong></span> 
     </span>
     <span class='ocr_line' id='line_1_8' title="bbox 192 2553 347 2609; baseline 0.013 -2"><span class='ocrx_word' id='word_1_56' title='bbox 192 2553 347 2609; x_wconf 75' lang='lat' dir='ltr'><strong><em>Primorioe.</em></strong></span> 
     </span>
    </p>

    <p class='ocr_par' dir='ltr' id='par_1_3' title="bbox 238 2723 1208 2813">
     <span class='ocr_line' id='line_1_9' title="bbox 238 2723 1208 2813; baseline 0.006 -21"><span class='ocrx_word' id='word_1_57' title='bbox 238 2723 340 2793; x_wconf 86' lang='lat' dir='ltr'><strong><em>RAT</em></strong></span> <span class='ocrx_word' id='word_1_58' title='bbox 366 2726 403 2793; x_wconf 91' lang='lat' dir='ltr'><strong><em>in</em></strong></span> <span class='ocrx_word' id='word_1_59' title='bbox 423 2727 551 2808; x_wconf 87' lang='lat' dir='ltr'><strong><em>anime,</em></strong></span> <span class='ocrx_word' id='word_1_60' title='bbox 580 2728 609 2796; x_wconf 87' lang='lat' dir='ltr'><strong><em>si</em></strong></span> <span class='ocrx_word' id='word_1_61' title='bbox 629 2727 721 2797; x_wconf 86' lang='lat' dir='ltr'><strong><em>forte</em></strong></span> <span class='ocrx_word' id='word_1_62' title='bbox 740 2729 961 2810; x_wconf 79' lang='lat' dir='ltr'><strong><em>meministis,</em></strong></span> <span class='ocrx_word' id='word_1_63' title='bbox 988 2727 1208 2813; x_wconf 80' lang='lat' dir='ltr'><strong><em>Academici,</em></strong></span> 
     </span>
    </p>

    <p class='ocr_par' dir='ltr' id='par_1_4' title="bbox 156 2840 1211 4178">
     <span class='ocr_line' id='line_1_10' title="bbox 261 2840 1205 2934; baseline 0.003 -25"><span class='ocrx_word' id='word_1_64' title='bbox 261 2841 444 2931; x_wconf 85' lang='lat' dir='ltr'><strong><em>(quoniam</em></strong></span> <span class='ocrx_word' id='word_1_65' title='bbox 460 2864 524 2910; x_wconf 91' lang='lat' dir='ltr'><strong><em>nos</em></strong></span> <span class='ocrx_word' id='word_1_66' title='bbox 542 2842 579 2910; x_wconf 91' lang='lat' dir='ltr'><strong><em>in</em></strong></span> <span class='ocrx_word' id='word_1_67' title='bbox 600 2840 760 2911; x_wconf 90' lang='lat' dir='ltr'><strong><em>Homero</em></strong></span> <span class='ocrx_word' id='word_1_68' title='bbox 778 2843 942 2934; x_wconf 87' lang='lat' dir='ltr'><strong><em>primum,</em></strong></span> <span class='ocrx_word' id='word_1_69' title='bbox 966 2843 1020 2912; x_wconf 88' lang='lat' dir='ltr'><strong><em>uti</em></strong></span> <span class='ocrx_word' id='word_1_70' title='bbox 1039 2865 1101 2933; x_wconf 93' lang='lat' dir='ltr'><strong><em>par</em></strong></span> <span class='ocrx_word' id='word_1_71' title='bbox 1118 2852 1205 2925; x_wconf 87' lang='lat' dir='ltr'><strong><em>erat,</em></strong></span> 
     </span>
     <span class='ocr_line' id='line_1_11' title="bbox 156 2955 1205 3048; baseline 0.001 -24"><span class='ocrx_word' id='word_1_72' title='bbox 156 2957 308 3048; x_wconf 85' lang='lat' dir='ltr'><strong><em>experiri</em></strong></span> <span class='ocrx_word' id='word_1_73' title='bbox 321 2957 541 3026; x_wconf 86' lang='lat' dir='ltr'><strong><em>decrevimus</em></strong></span> <span class='ocrx_word' id='word_1_74' title='bbox 558 2956 685 3047; x_wconf 88' lang='lat' dir='ltr'><strong><em>ecquid</em></strong></span> <span class='ocrx_word' id='word_1_75' title='bbox 700 2955 815 3025; x_wconf 86' lang='lat' dir='ltr'><strong><em>valeat</em></strong></span> <span class='ocrx_word' id='word_1_76' title='bbox 833 2957 1009 3025; x_wconf 89' lang='lat' dir='ltr'><strong><em>sententia</em></strong></span> <span class='ocrx_word' id='word_1_77' title='bbox 1027 2965 1147 3025; x_wconf 88' lang='lat' dir='ltr'><strong><em>nostra</em></strong></span> <span class='ocrx_word' id='word_1_78' title='bbox 1160 2957 1205 3026; x_wconf 88' lang='lat' dir='ltr'><strong><em>de</em></strong></span> 
     </span>
     <span class='ocr_line' id='line_1_12' title="bbox 156 3070 1207 3161; baseline 0 -22"><span class='ocrx_word' id='word_1_79' title='bbox 156 3093 296 3139; x_wconf 89' lang='lat' dir='ltr'><strong><em>summa</em></strong></span> <span class='ocrx_word' id='word_1_80' title='bbox 311 3071 362 3140; x_wconf 91' lang='lat' dir='ltr'><strong><em>rei</em></strong></span> <span class='ocrx_word' id='word_1_81' title='bbox 379 3070 558 3161; x_wconf 84' lang='lat' dir='ltr'><strong><em>poeticae),</em></strong></span> <span class='ocrx_word' id='word_1_82' title='bbox 577 3076 665 3151; x_wconf 88' lang='lat' dir='ltr'><strong><em>erat,</em></strong></span> <span class='ocrx_word' id='word_1_83' title='bbox 680 3071 836 3160; x_wconf 91' lang='lat' dir='ltr'><strong><em>inquam,</em></strong></span> <span class='ocrx_word' id='word_1_84' title='bbox 854 3071 890 3137; x_wconf 91' lang='lat' dir='ltr'><strong><em>iu</em></strong></span> <span class='ocrx_word' id='word_1_85' title='bbox 908 3071 1037 3150; x_wconf 86' lang='lat' dir='ltr'><strong><em>animo,</em></strong></span> <span class='ocrx_word' id='word_1_86' title='bbox 1051 3070 1207 3139; x_wconf 85' lang='lat' dir='ltr'><strong><em>excussis</em></strong></span> 
     </span>
     <span class='ocr_line' id='line_1_13' title="bbox 157 3184 1209 3276; baseline 0.002 -25"><span class='ocrx_word' id='word_1_87' title='bbox 157 3186 252 3275; x_wconf 90' lang='lat' dir='ltr'><strong><em>prius</em></strong></span> <span class='ocrx_word' id='word_1_88' title='bbox 262 3185 348 3276; x_wconf 87' lang='lat' dir='ltr'><strong><em>ipsis</em></strong></span> <span class='ocrx_word' id='word_1_89' title='bbox 359 3185 584 3264; x_wconf 68' lang='lat' dir='ltr'><strong><em>carminibus</em></strong></span> <span class='ocrx_word' id='word_1_90' title='bbox 596 3184 724 3252; x_wconf 89' lang='lat' dir='ltr'><strong><em>deinde</em></strong></span> <span class='ocrx_word' id='word_1_91' title='bbox 735 3185 903 3252; x_wconf 86' lang='lat' dir='ltr'><strong><em>accedere</em></strong></span> <span class='ocrx_word' id='word_1_92' title='bbox 914 3185 957 3252; x_wconf 89' lang='lat' dir='ltr'><strong><em>ad</em></strong></span> <span class='ocrx_word' id='word_1_93' title='bbox 970 3184 1123 3253; x_wconf 85' lang='lat' dir='ltr'><strong><em>historiae</em></strong></span> <span class='ocrx_word' id='word_1_94' title='bbox 1133 3207 1209 3253; x_wconf 92' lang='lat' dir='ltr'><strong><em>mo-</em></strong></span> 
     </span>
     <span class='ocr_line' id='line_1_14' title="bbox 156 3296 1207 3386; baseline 0.003 -22"><span class='ocrx_word' id='word_1_95' title='bbox 156 3305 339 3378; x_wconf 89' lang='lat' dir='ltr'><strong><em>numenta,</em></strong></span> <span class='ocrx_word' id='word_1_96' title='bbox 351 3297 380 3366; x_wconf 91' lang='lat' dir='ltr'><strong><em>si</em></strong></span> <span class='ocrx_word' id='word_1_97' title='bbox 398 3320 475 3386; x_wconf 90' lang='lat' dir='ltr'><strong><em>quae</em></strong></span> <span class='ocrx_word' id='word_1_98' title='bbox 489 3296 581 3366; x_wconf 88' lang='lat' dir='ltr'><strong><em>forte</em></strong></span> <span class='ocrx_word' id='word_1_99' title='bbox 595 3296 805 3366; x_wconf 81' lang='lat' dir='ltr'><strong><em>tradiderint</em></strong></span> <span class='ocrx_word' id='word_1_100' title='bbox 819 3304 967 3377; x_wconf 88' lang='lat' dir='ltr'><strong><em>veteres,</em></strong></span> <span class='ocrx_word' id='word_1_101' title='bbox 979 3320 1059 3386; x_wconf 90' lang='lat' dir='ltr'><strong><em>quae</em></strong></span> <span class='ocrx_word' id='word_1_102' title='bbox 1073 3298 1118 3366; x_wconf 90' lang='lat' dir='ltr'><strong><em>ad</em></strong></span> <span class='ocrx_word' id='word_1_103' title='bbox 1132 3321 1207 3367; x_wconf 90' lang='lat' dir='ltr'><strong><em>rem</em></strong></span> 
     </span>
     <span class='ocr_line' id='line_1_15' title="bbox 158 3412 1211 3494; baseline 0.002 -16"><span class='ocrx_word' id='word_1_104' title='bbox 158 3419 316 3480; x_wconf 86' lang='lat' dir='ltr'><strong><em>nostram</em></strong></span> <span class='ocrx_word' id='word_1_105' title='bbox 337 3412 576 3492; x_wconf 83' lang='lat' dir='ltr'><strong><em>convenirent,</em></strong></span> <span class='ocrx_word' id='word_1_106' title='bbox 600 3413 645 3480; x_wconf 86' lang='lat' dir='ltr'><strong><em>de</em></strong></span> <span class='ocrx_word' id='word_1_107' title='bbox 667 3412 750 3493; x_wconf 89' lang='lat' dir='ltr'><strong><em>vita,</em></strong></span> <span class='ocrx_word' id='word_1_108' title='bbox 770 3412 930 3494; x_wconf 88' lang='lat' dir='ltr'><strong><em>fortunis,</em></strong></span> <span class='ocrx_word' id='word_1_109' title='bbox 949 3414 1079 3494; x_wconf 88' lang='lat' dir='ltr'><strong><em>indole,</em></strong></span> <span class='ocrx_word' id='word_1_110' title='bbox 1098 3435 1211 3481; x_wconf 90' lang='lat' dir='ltr'><strong><em>sacro-</em></strong></span> 
     </span>
     <span class='ocr_line' id='line_1_16' title="bbox 157 3523 1210 3617; baseline 0 -23"><span class='ocrx_word' id='word_1_111' title='bbox 157 3526 270 3594; x_wconf 83' lang='lat' dir='ltr'><strong><em>sancti</em></strong></span> <span class='ocrx_word' id='word_1_112' title='bbox 288 3525 390 3595; x_wconf 86' lang='lat' dir='ltr'><strong><em>vatis.</em></strong></span> <span class='ocrx_word' id='word_1_113' title='bbox 443 3523 497 3593; x_wconf 89' lang='lat' dir='ltr'><strong><em>Ut</em></strong></span> <span class='ocrx_word' id='word_1_114' title='bbox 518 3534 559 3594; x_wconf 91' lang='lat' dir='ltr'><strong><em>ut</em></strong></span> <span class='ocrx_word' id='word_1_115' title='bbox 577 3525 672 3593; x_wconf 88' lang='lat' dir='ltr'><strong><em>enim</em></strong></span> <span class='ocrx_word' id='word_1_116' title='bbox 689 3525 821 3614; x_wconf 86' lang='lat' dir='ltr'><strong><em>jejunae</em></strong></span> <span class='ocrx_word' id='word_1_117' title='bbox 840 3525 945 3596; x_wconf 87' lang='lat' dir='ltr'><strong><em>nimis</em></strong></span> <span class='ocrx_word' id='word_1_118' title='bbox 962 3536 1070 3617; x_wconf 88' lang='lat' dir='ltr'><strong><em>atque</em></strong></span> <span class='ocrx_word' id='word_1_119' title='bbox 1085 3536 1210 3595; x_wconf 87' lang='lat' dir='ltr'><strong><em>tenues</em></strong></span> 
     </span>
     <span class='ocr_line' id='line_1_17' title="bbox 157 3638 1210 3732; baseline -0.001 -25"><span class='ocrx_word' id='word_1_120' title='bbox 157 3647 310 3718; x_wconf 78' lang='lat' dir='ltr'><strong><em>exstent,</em></strong></span> <span class='ocrx_word' id='word_1_121' title='bbox 337 3638 464 3728; x_wconf 91' lang='lat' dir='ltr'><strong><em>injuria</em></strong></span> <span class='ocrx_word' id='word_1_122' title='bbox 490 3640 670 3730; x_wconf 88' lang='lat' dir='ltr'><strong><em>temporis,</em></strong></span> <span class='ocrx_word' id='word_1_123' title='bbox 697 3638 766 3708; x_wconf 87' lang='lat' dir='ltr'><strong><em>illae</em></strong></span> <span class='ocrx_word' id='word_1_124' title='bbox 797 3641 965 3731; x_wconf 86' lang='lat' dir='ltr'><strong><em>reliquiae,</em></strong></span> <span class='ocrx_word' id='word_1_125' title='bbox 996 3661 1210 3732; x_wconf 87' lang='lat' dir='ltr'><strong><em>magnopere</em></strong></span> 
     </span>
     <span class='ocr_line' id='line_1_18' title="bbox 157 3751 1206 3844; baseline 0.002 -25"><span class='ocrx_word' id='word_1_126' title='bbox 157 3761 279 3820; x_wconf 89' lang='lat' dir='ltr'><strong><em>tamen</em></strong></span> <span class='ocrx_word' id='word_1_127' title='bbox 299 3751 344 3820; x_wconf 87' lang='lat' dir='ltr'><strong><em>ad</em></strong></span> <span class='ocrx_word' id='word_1_128' title='bbox 364 3752 621 3822; x_wconf 85' lang='lat' dir='ltr'><strong><em>confirmandas</em></strong></span> <span class='ocrx_word' id='word_1_129' title='bbox 643 3752 844 3843; x_wconf 88' lang='lat' dir='ltr'><strong><em>hujusmodi</em></strong></span> <span class='ocrx_word' id='word_1_130' title='bbox 862 3755 1082 3844; x_wconf 86' lang='lat' dir='ltr'><strong><em>conjecturas</em></strong></span> <span class='ocrx_word' id='word_1_131' title='bbox 1099 3755 1206 3844; x_wconf 87' lang='lat' dir='ltr'><strong><em>perti-</em></strong></span> 
     </span>
     <span class='ocr_line' id='line_1_19' title="bbox 157 3865 1207 3959; baseline 0.002 -27"><span class='ocrx_word' id='word_1_132' title='bbox 157 3865 267 3946; x_wconf 89' lang='lat' dir='ltr'><strong><em>nebit,</em></strong></span> <span class='ocrx_word' id='word_1_133' title='bbox 294 3866 455 3934; x_wconf 87' lang='lat' dir='ltr'><strong><em>simodo</em></strong></span> <span class='ocrx_word' id='word_1_134' title='bbox 483 3865 537 3934; x_wconf 89' lang='lat' dir='ltr'><strong><em>bis</em></strong></span> <span class='ocrx_word' id='word_1_135' title='bbox 565 3878 664 3935; x_wconf 86' lang='lat' dir='ltr'><strong><em>terve</em></strong></span> <span class='ocrx_word' id='word_1_136' title='bbox 690 3889 764 3934; x_wconf 87' lang='lat' dir='ltr'><strong><em>rem</em></strong></span> <span class='ocrx_word' id='word_1_137' title='bbox 790 3889 857 3935; x_wconf 85' lang='lat' dir='ltr'><strong><em>acu</em></strong></span> <span class='ocrx_word' id='word_1_138' title='bbox 885 3867 1044 3959; x_wconf 85' lang='lat' dir='ltr'><strong><em>tetigisse</em></strong></span> <span class='ocrx_word' id='word_1_139' title='bbox 1072 3866 1207 3935; x_wconf 89' lang='lat' dir='ltr'><strong><em>videbi-</em></strong></span> 
     </span>
     <span class='ocr_line' id='line_1_20' title="bbox 157 3979 1207 4071; baseline 0.006 -27"><span class='ocrx_word' id='word_1_140' title='bbox 157 4001 256 4047; x_wconf 85' lang='lat' dir='ltr'><strong><em>mur:</em></strong></span> <span class='ocrx_word' id='word_1_141' title='bbox 282 3980 336 4048; x_wconf 87' lang='lat' dir='ltr'><strong><em>sin</em></strong></span> <span class='ocrx_word' id='word_1_142' title='bbox 359 3981 487 4060; x_wconf 84' lang='lat' dir='ltr'><strong><em>miuus,</em></strong></span> <span class='ocrx_word' id='word_1_143' title='bbox 504 4003 629 4071; x_wconf 88' lang='lat' dir='ltr'><strong><em>parum</em></strong></span> <span class='ocrx_word' id='word_1_144' title='bbox 650 3990 771 4049; x_wconf 90' lang='lat' dir='ltr'><strong><em>tamen</em></strong></span> <span class='ocrx_word' id='word_1_145' title='bbox 795 3979 1031 4049; x_wconf 87' lang='lat' dir='ltr'><strong><em>infirmabitur</em></strong></span> <span class='ocrx_word' id='word_1_146' title='bbox 1054 3981 1144 4050; x_wconf 89' lang='lat' dir='ltr'><strong><em>bene</em></strong></span> <span class='ocrx_word' id='word_1_147' title='bbox 1167 4003 1207 4050; x_wconf 89' lang='lat' dir='ltr'><strong><em>ac</em></strong></span> 
     </span>
     <span class='ocr_line' id='line_1_21' title="bbox 159 4091 732 4178; baseline -0.002 -19"><span class='ocrx_word' id='word_1_148' title='bbox 159 4091 353 4178; x_wconf 83' lang='lat' dir='ltr'><strong><em>prudenter</em></strong></span> <span class='ocrx_word' id='word_1_149' title='bbox 369 4114 390 4160; x_wconf 95' lang='lat' dir='ltr'><strong><em>a</em></strong></span> <span class='ocrx_word' id='word_1_150' title='bbox 407 4093 508 4161; x_wconf 88' lang='lat' dir='ltr'><strong><em>nabis</em></strong></span> <span class='ocrx_word' id='word_1_151' title='bbox 526 4094 615 4160; x_wconf 88' lang='lat' dir='ltr'><strong><em>inita</em></strong></span> <span class='ocrx_word' id='word_1_152' title='bbox 631 4094 732 4160; x_wconf 88' lang='lat' dir='ltr'><strong><em>ratio.</em></strong></span> 
     </span>
    </p>
   </div>
   <div class='ocr_carea' id='block_1_3' title="bbox 209 4201 1208 4296">
    <p class='ocr_par' dir='ltr' id='par_1_5' title="bbox 209 4201 1208 4296">
     <span class='ocr_line' id='line_1_22' title="bbox 209 4201 1208 4296; baseline 0.002 -25"><span class='ocrx_word' id='word_1_153' title='bbox 209 4201 375 4294; x_wconf 85' lang='lat' dir='ltr'><strong><em>Exempli</em></strong></span> <span class='ocrx_word' id='word_1_154' title='bbox 409 4205 544 4296; x_wconf 85' lang='lat' dir='ltr'><strong><em>gratia:</em></strong></span> <span class='ocrx_word' id='word_1_155' title='bbox 584 4205 691 4296; x_wconf 86' lang='lat' dir='ltr'><strong><em>signis</em></strong></span> <span class='ocrx_word' id='word_1_156' title='bbox 726 4205 820 4274; x_wconf 90' lang='lat' dir='ltr'><strong><em>haud</em></strong></span> <span class='ocrx_word' id='word_1_157' title='bbox 855 4205 992 4275; x_wconf 87' lang='lat' dir='ltr'><strong><em>levibus</em></strong></span> <span class='ocrx_word' id='word_1_158' title='bbox 1023 4206 1115 4286; x_wconf 89' lang='lat' dir='ltr'><strong><em>freti,</em></strong></span> <span class='ocrx_word' id='word_1_159' title='bbox 1147 4207 1208 4273; x_wconf 88' lang='lat' dir='ltr'><strong><em>do-</em></strong></span> 
     </span>
    </p>
   </div>
   <div class='ocr_carea' id='block_1_4' title="bbox 0 0 1376 4866">
    <p class='ocr_par' dir='ltr' id='par_1_6' title="bbox 0 0 1376 4866">
     <span class='ocr_line' id='line_1_23' title="bbox 0 0 1376 4866; baseline 0 0"><span class='ocrx_word' id='word_1_160' title='bbox 0 0 1376 4866; x_wconf 95' lang='lat' dir='ltr'><strong><em> </em></strong></span> 
     </span>
    </p>
   </div>
  </div>
 </body>
</html>
