2738 4866
159 307 180 365 2
308 304 435 388 Ecquid
448 304 584 366 Poeticce
599 303 733 384 offerunt
746 302 925 364 maturiores
940 301 1019 363 uuur'
1027 327 1037 362 .-
1074 322 1171 363 rnnu.
1184 323 1205 361 r.

211 471 355 541 Etenim
390 485 431 539 ut
465 470 567 561 plura
600 479 750 550 taceam,
781 493 857 560 quae
892 470 936 538 de
970 469 1067 538 hisce
1101 467 1210 538 rebus

159 588 376 678 cogitantem
411 607 540 676 angere
574 608 615 653 ac
654 594 818 675 torquere
856 584 980 663 solent,
1020 585 1115 653 subit
1154 586 1211 652 in-

159 702 297 769 terdum
335 723 405 768 non
438 700 524 767 levis
555 700 743 780 dubitatio,
772 722 817 767 ne
852 700 970 790 paullo
1005 701 1070 768 sim
1105 701 1210 768 annis

157 818 366 906 provectior,
402 839 507 906 quam
546 817 694 906 poeticae
737 815 841 905 hujus
883 815 1078 906 disciplinae
1114 816 1209 884 ratic

157 940 263 1020 atque
294 931 429 998 indoles
460 930 562 999 facile
596 930 696 998 ferat.
762 929 902 1011 Quotus
932 931 1026 997 enim
1057 930 1207 1018 quisque

157 1053 328 1126 nostrum,
365 1045 542 1114 constanti
575 1045 651 1133 jam
688 1053 802 1124 aetate,
838 1067 908 1111 non
945 1045 1104 1134 queritur
1139 1045 1206 1112 sibi

156 1161 340 1250 paullatim
360 1160 599 1228 defervescere
621 1160 882 1248 quodammodo
907 1168 943 1227 et
967 1159 1122 1228 defluere
1144 1182 1209 1228 ex-

157 1276 352 1343 undantem
378 1272 479 1340 illum
506 1273 638 1362 ingenii
657 1273 826 1364 vigorem,
844 1279 881 1339 et
904 1271 1205 1361 quemadmodum

156 1388 271 1457 multo
290 1389 368 1480 jam
397 1389 453 1456 die
477 1388 671 1480 matutinos
698 1386 778 1456 coeli
802 1386 946 1466 colores
972 1387 1023 1454 ita
1044 1385 1207 1476 volupta-

157 1513 231 1573 tem
252 1528 341 1584 eam,
373 1526 450 1594 quae
474 1506 625 1594 juvenes
656 1504 700 1572 ad
734 1511 918 1593 poetarum
945 1503 1062 1571 studia
1093 1501 1202 1570 allex-

157 1622 233 1698 erit,
258 1620 521 1688 senescentibus
546 1620 744 1687 tenuiorem
768 1619 867 1707 quasi
888 1626 925 1685 et
948 1617 1203 1709 languidiorem

156 1734 192 1801 in
228 1734 330 1802 horas
365 1732 540 1802 evadere?
593 1732 723 1823 Ecquis
757 1739 877 1799 antem
913 1732 957 1799 de
992 1730 1206 1798 carminibus

150 1850 373 1937 judicantem
395 1850 497 1930 ferat,
520 1849 636 1939 ipsum
661 1849 804 1916 omnino
832 1847 970 1937 poetica
996 1847 1028 1912 vi
1054 1844 1208 1913 exhaus-

157 1975 245 2045 tum,
264 1973 301 2032 et
321 1964 462 2044 Musaei,
481 1985 586 2052 quem
606 1973 743 2043 vocant,
759 1961 886 2052 leporis
904 1960 1077 2030 oblitum?

207 2080 273 2148 Est
291 2088 420 2160 tamen,
440 2078 534 2169 quod
552 2077 606 2145 his
624 2078 715 2146 curis
734 2088 904 2144 vexatum
925 2077 1058 2144 reficiat
1076 2076 1206 2145 identi-

157 2196 238 2264 dem
256 2204 363 2285 atque
379 2201 536 2263 recreet:
564 2200 642 2261 tum
659 2192 752 2283 quod
772 2193 847 2283 ipse
871 2200 992 2259 mente
1015 2193 1206 2281 animoque

156 2312 307 2379 sentiam
337 2311 463 2391 adhuc,
490 2317 530 2377 ut
562 2331 643 2377 enm
674 2307 838 2388 maxime,
869 2307 995 2375 miram
1027 2308 1203 2395 quandam

156 2427 280 2494 harum
308 2425 489 2494 literarum
520 2424 766 2502 dulcedinem3
803 2424 897 2491 unde
925 2421 1096 2492 nonnulla
1125 2445 1205 2514 spes

157 2540 277 2620 oritur,
296 2562 353 2607 me
371 2539 489 2628 aliqua
506 2537 632 2605 saltem
650 2559 696 2604 ex
714 2546 814 2626 parte
832 2537 1045 2627 juvenilium
1069 2539 1206 2605 animo-

156 2676 233 2720 rum
248 2653 362 2720 ardori
377 2672 624 2741 responsurum
638 2650 732 2718 fore:
755 2659 831 2718 tum
847 2653 939 2742 quod
955 2652 999 2719 de
1012 2674 1050 2718 re
1063 2653 1205 2741 poetica

157 2766 350 2848 disserenti,
371 2767 426 2835 his
451 2767 654 2858 praesertim,
672 2767 731 2856 qni
759 2790 852 2835 nunc
876 2774 971 2848 sunt,
991 2764 1205 2846 hominibus,

157 2881 263 2949 fraeno
291 2882 412 2971 magis,
439 2903 497 2949 me
528 2882 672 2970 quidem
697 2883 830 2972 judice,
860 2904 965 2972 quam
997 2878 1132 2948 calcare
1159 2882 1204 2949 sit

156 2997 340 3063 utendum.
395 2994 522 3075 Nimis,
549 2995 664 3075 nimis,
688 2997 841 3086 inquam,
873 2996 1102 3072 familiariter,
1135 3019 1206 3064 una

150 3113 226 3202 jam
258 3120 363 3200 atque
391 3109 503 3177 altera
533 3118 653 3190 aetate,
685 3132 893 3201 magnorum
924 3119 1045 3179 vatum
1079 3133 1206 3179 monu-

157 3233 278 3292 menta
307 3247 347 3293 ac
377 3222 541 3313 reliquias
571 3230 788 3314 pertractare
816 3233 923 3314 atque
953 3232 1123 3293 excutere
1149 3236 1205 3294 est

156 3341 283 3420 moris;
310 3348 444 3408 temere
472 3362 513 3407 ac
539 3338 743 3429 petulanter
770 3340 874 3409 nimis
901 3343 936 3408 in
963 3341 1031 3409 ista
1056 3345 1205 3412 sacraria

158 3454 263 3546 vulgo
291 3455 453 3524 irruitur:
480 3454 646 3544 quicquid
672 3456 753 3523 novi
774 3464 880 3545 atque
905 3456 1054 3524 inauditi
1081 3480 1118 3526 se
1142 3481 1205 3526 ex-

157 3572 329 3662 cogitasse
353 3578 457 3660 putat
481 3569 617 3660 aliquis,
635 3569 734 3638 nulla
752 3593 859 3651 mora,
877 3570 974 3639 nulla
995 3571 1139 3664 religi03
1166 3574 1203 3641 in

156 3687 314 3756 medium
341 3685 446 3765 illico,
472 3708 600 3777 magno
627 3708 709 3753 cum
734 3685 893 3773 strepitu,
917 3686 1144 3776 proferuntur
1166 3702 1205 3758 et

156 3801 388 3892 projiciuntur
422 3802 550 3868 omnia.
612 3800 687 3868 Isto
722 3822 805 3868 sane
839 3823 912 3889 pree
947 3804 1081 3870 caeteris
1117 3806 1205 3872 vitio

157 3940 280 3986 vacare
315 3917 447 3984 debent
481 3917 518 3984 hi
546 3916 654 3984 vestri
689 3925 893 3992 conventus,
922 3918 1070 4006 purioris
1101 3921 1205 3990 disci-

157 4033 260 4124 plinae
284 4031 467 4124 exemplar
490 4042 527 4100 et
553 4033 752 4122 specimen;
779 4041 816 4100 et
844 4031 1019 4100 vacavisse
1040 4034 1084 4102 ad
1109 4034 1203 4106 hunc

157 4171 267 4240 usque
289 4149 382 4217 diem
408 4148 534 4215 libenti
558 4149 676 4215 animo
695 4148 793 4216 vobis
815 4146 993 4239 gratulor3
1020 4159 1204 4220 vacaturos

156 4273 277 4334 autem
305 4265 341 4332 in
368 4284 473 4330 omne
503 4274 645 4352 tempus
669 4284 712 4330 eo
739 4263 926 4332 melioret
957 4263 1088 4334 firmior
1114 4290 1204 4358 spes,
