2738 4866
153 346 250 389 nanu.
267 349 298 397 x3.
398 327 500 400 raeiri
514 324 681 390 οοίοοοιόιιο
693 327 859 411 agrestium
873 329 960 409 notin
1141 336 1204 406 155

207 495 416 587 Cujusmodi
437 504 503 600 est,
521 497 655 587 opinor,
676 504 715 566 et
737 495 839 580 illud,
857 496 1054 568 Diseoboli
1061 507 1204 592 gestum

155 608 323 700 praeclare
340 608 543 702 exprimens
553 619 591 680 ¹²:

300 729 385 782 όσσόν
396 750 436 784 τις
447 726 469 781 τ’
482 727 578 800 έῤῥιφε
590 728 740 798 καλαύροπα
751 732 880 795 βουκόλος
890 728 963 802 ἀνήρ·
1056 725 1059 732 Α

300 813 315 881 ἦ
328 814 360 867 δέ
369 813 393 868 θ’
406 809 566 883 ε’λισσορένη
578 816 681 870 πέτεται
693 817 735 870 διὰ
746 820 810 881 βοῦς
822 818 952 889 ἀγελαίας·

299 901 401 956 τοσσὸν
413 903 508 987 παντὸς
519 902 618 972 ἀγῶνος
629 902 772 974 ὑπέρβαλε.

158 997 315 1081 Videtis,
350 999 570 1081 Academici,
600 1023 676 1070 rem
707 1003 805 1093 quasi
839 1001 1063 1083 levissimam,
1095 992 1205 1093 (quod

157 1115 195 1182 iu
220 1137 259 1182 re
280 1114 500 1208 gymnastioa
519 1117 701 1208 proprium
719 1124 774 1186 est
791 1124 829 1187 et
846 1117 1087 1209 precipuum)
1106 1114 1205 1198 velut

157 1223 256 1301 aliud
286 1230 435 1325 agendo,
468 1231 611 1323 perfici:
646 1229 751 1322 plane
780 1231 872 1299 siout
902 1230 938 1299 in
969 1231 1095 1300 statuis
1129 1228 1204 1301 fieri

157 1347 329 1428 videmus,
346 1355 388 1416 ut
405 1369 557 1439 quaeque
575 1345 765 1416 bellissime
783 1369 820 1416 se
837 1346 968 1416 habere
985 1356 1167 1438 putantur.

209 1461 315 1546 Quod
336 1461 441 1532 sicui
462 1462 675 1531 videbuntur
694 1461 757 1531 illa
780 1462 1109 1545 nimiumtrivialia,
1126 1463 1205 1534 haeo

159 1583 269 1659 certe,
286 1601 368 1668 quae
394 1599 472 1646 sum
497 1576 664 1657 dicturus,
683 1578 816 1646 nemini
842 1575 1039 1648 nonerunt
1059 1579 1095 1647 in
1120 1577 1207 1647 <leli-

160 1693 235 1777 ciis,
254 1693 314 1784 qui
332 1691 461 1762 leviter
480 1693 587 1762 modo
604 1693 715 1763 oculis
738 1695 974 1788 perstringere
999 1702 1096 1767 amet
1125 1691 1206 1763 eoeli

115 1828 118 1835 ·
159 1830 201 1878 ao
219 1817 393 1878 terrarum
410 1808 577 1878 faeiemx.

296 1924 402 1982 ‘'Oooov
413 1926 436 1980 δ’
448 1925 576 1998 ἠεροειδές
586 1926 650 1997 ἀνὴρ
661 1924 716 1981 ἰ’δεν
727 1926 914 1998 ὀφθαλμοῖσιν,
960 1973 963 1980 .

300 2013 392 2082 ἥμενος
403 2013 430 2067 ε’ν
442 2018 547 2081 σκοπιῇ,
559 2011 683 2068 λεύσσων
695 2013 738 2066 ε’πὶ
749 2010 840 2066 οἴνοπα
850 2011 960 2076 πόντον,Ι

300 2102 401 2154 τόσσον
412 2099 603 2170 ἐπιθρώσκουσι
616 2098 680 2153 θεῶν
690 2098 807 2170 ὑψηχέες
818 2096 901 2153 ἵπποι.

162 2204 349 2296 Exquisite
361 2204 549 2276 adumbrat
566 2204 654 2275 illud
669 2204 726 2273 vel
743 2204 860 2297 pueris
878 2213 1013 2285 notum,
1027 2204 1071 2272 de
1088 2203 1206 2285 excel-

157 2322 252 2391 siore
285 2321 364 2391 looo
398 2320 711 2413 prospicientibus3
744 2320 843 2410 -quod
877 2319 996 2389 neseio
1029 2319 1206 2409 quomode

160 2459 239 2507 sese
275 2436 457 2508 effundere
499 2437 658 2528 cupiunt,
693 2444 731 2504 et
771 2437 808 2504 in
848 2457 929 2505 aere
949 2435 1061 2525 quasi
1095 2452 1206 2504 vacuo

156 2553 320 2645 spatiari.
372 2551 469 2634 Quin
485 2560 524 2623 et
540 2553 655 2622 vicina
671 2573 754 2621 eum
774 2550 1021 2620 remotioribus
1040 2559 1207 2641 peracute

164 2668 272 2740 simul
290 2676 328 2739 et
346 2690 428 2737 vere
444 2667 653 2758 composuit,
670 2666 764 2757 quod
783 2665 875 2736 dixit
894 2664 983 2734 illud
1001 2673 1021 2702 ‘⁴
1033 2661 1207 2759 ἤεροειδὲβ

162 2793 200 2854 et
219 2793 240 2824 ‘⁶
256 2781 405 2852 οἴνοπα.”
1127 2802 1129 2807 ’

211 2897 236 2967 J
237 2921 295 2966 am
312 2906 473 2988 tempora
491 2920 631 2988 quoque
648 2920 719 2965 non
736 2897 840 2966 aliter
857 2904 979 2964 notare
999 2901 1095 2962 amat
1106 2904 1132 2961 l.

300 3023 711 3097 Ὀφραμένῆωςῆνκαὶάέξετα
724 3024 880 3096 ἶερόνῆραρ,
956 3025 957 3028 '
1040 3057 1043 3062 ι

302 3114 389 3184 τόφρα
400 3111 461 3181 μαλ’
474 3111 629 3184 ἀμφοτέρων
639 3111 712 3178 βέλε’
725 3113 828 3181 ἥπτετο,
840 3110 917 3165 πίπτε
931 3109 959 3163 δέ
971 3112 1043 3166 λαός·

302 3197 366 3268 ἦμος
377 3199 406 3252 δι’
416 3199 542 3269 δρυτόμος
552 3220 602 3269 περ
614 3197 677 3269 ἀνὴρ
690 3199 845 3252 ὡπλίσσατο
858 3198 954 3268 δόρπον

304 3289 392 3357 οόρεος
404 3286 431 3339 έν
442 3283 587 3354 βήσσῃσιν,
600 3283 658 3339 ε’πεί
668 3283 690 3338 τ’
704 3284 863 3353 ἐκορέσσατο
874 3286 964 3355 χεῖρας

303 3373 403 3442 τάμνων
415 3371 520 3442 δένδρεα
530 3372 624 3441 μακρὰ,
637 3370 698 3427 ἅδος
709 3371 739 3424 τέ
749 3394 793 3440 μιν
804 3368 873 3424 ἵκετο
886 3370 974 3439 θορόν,

305 3459 381 3515 σίτου
392 3481 421 3512 τε
432 3461 569 3529 γλυκεροῖο
581 3458 641 3528 περὶ
652 3457 751 3529 φρένας
762 3455 850 3527 ἵμερος
861 3457 936 3527 αἱρεῖ·

232 3550 233 3553 ’
304 3547 453 3616 τῆμοςσφῇ
466 3543 543 3614 ἀρετῇ
558 3545 653 3598 Δαναοὶ
661 3542 772 3615 ῥήξαντο
785 3543 934 3614 φάλαγγας.
1168 3605 1170 3609 ¹

163 3649 380 3743 Opportune
394 3652 513 3721 medio
533 3651 657 3742 proelio
679 3649 917 3721 dulcissimam
942 3646 1122 3739 tranquilli
1148 3657 1210 3745 ne-

161 3765 271 3835 moris
300 3766 491 3860 imaginem
532 3766 763 3858 interposuit:
807 3788 877 3855 quo
911 3764 1017 3845 facto,
1051 3761 1210 3855 paullum

163 3880 312 3972 respirat
338 3881 475 3950 animus
493 3881 696 3951 vulneribus
723 3889 760 3949 et
783 3879 878 3948 caede
903 3878 1072 3946 continua
1088 3876 1210 3970 fessus.

164 3993 280 4064 Novit
297 4002 335 4064 et
353 3994 526 4088 Virgilius
542 3995 665 4065 horam
684 3994 848 4087 operibus
865 3993 1088 4085 designare²t

309 4163 438 4181 ........
447 4124 494 4178 ubi
506 4125 592 4194 prima
604 4124 678 4195 quies
691 4121 779 4176 medio
788 4125 844 4192 jar'n
857 4116 1058 4196 uo'cti's'aliaic‘tae
1197 4194 1199 4199 .

311 4206 452 4265 curriculo
462 4211 598 4280 expulerat
610 4227 753 4272 somnum
772 4225 821 4273 reu
833 4207 1081 4277 foeminaprimum,
1097 4219 1112 4237 ⁵
1144 4274 1147 4279 ·
1169 4225 1172 4230 ·
1194 4252 1200 4258 .

163 4330 175 4352 ¹
195 4321 228 4375 Il.
242 4319 315 4376 xxiii.
328 4320 389 4390 845.
503 4329 557 4375 ¹v.
572 4335 632 4392 770.
661 4386 664 4391 ¹
746 4322 810 4375 yui.
819 4322 864 4387 84.
977 4319 1210 4391 ¹AEn.viii.4o7.
