2738 4866
221 340 283 400 840
430 333 566 399 Iliadem
580 353 673 396 unam
688 353 755 410 csse,
770 352 806 394 cc
819 333 889 418 ipso
897 330 1059 416 probatur.
1118 353 1214 395 rann.
1226 354 1268 394 vr.

221 506 339 595 tisque
364 503 603 597 colligendum
625 503 728 584 foret,
746 526 852 592 quam
877 502 947 572 ista
969 501 1014 570 de
1031 501 1165 585 Iliade3
1191 510 1269 572 turn

222 642 330 688 unam
349 642 427 688 eam
445 640 532 699 esse,
550 625 628 686 tum
646 617 691 685 ab
708 640 780 685 uno
798 616 992 707 profectam
1013 627 1169 686 auctore.

275 735 378 816 Quod
397 734 550 825 primum
570 732 724 800 declarat
746 733 855 822 ipsius
878 732 1032 822 partium
1055 732 1270 801 admirabilis

223 850 383 940 quaedam
411 849 581 939 junctura
611 854 648 915 et
682 847 810 916 series:
848 846 893 915 de
927 869 997 936 qua
1031 849 1270 917 severissimus

221 965 258 1032 in
285 987 327 1032 eo
354 984 484 1055 genere
508 984 641 1042 censor,
660 960 869 1042 Συνέστηκεν,
891 961 1016 1050 lnquit,
1041 962 1080 1035 ὡς
1105 959 1269 1054 ἐνδέχεται

222 1074 359 1173 ἄριστα,
379 1076 432 1145 καὶ
456 1075 510 1145 ὅτι
530 1074 684 1156 μάλιστα
707 1077 783 1155 μιᾶς
811 1071 957 1168 πραξέως
983 1074 1117 1155 μίμησίς
1143 1076 1271 1144 ἕστινῑ.

223 1189 281 1260 Ac
311 1213 450 1281 nequeo
480 1191 565 1258 satis
594 1189 722 1270 mirari,
749 1211 900 1278 quanam
931 1189 996 1257 sibi
1026 1190 1104 1279 quis
1135 1189 1272 1257 ratione

223 1306 444 1397 persuaserit,
471 1305 565 1394 quod
595 1303 640 1372 ab
669 1300 866 1371 Aristotele
896 1310 933 1370 et
964 1302 1116 1371 Horatio
1145 1298 1273 1393 propo-

222 1420 331 1489 situm
361 1420 407 1488 sit
438 1418 611 1497 omnibus
635 1415 779 1486 Ordinis
808 1416 1011 1508 Exemplar,
1040 1417 1127 1486 illud
1156 1419 1271 1508 ipsum

223 1557 365 1605 carmen
399 1541 462 1602 aut
497 1554 579 1600 casu
614 1530 772 1622 potuisse
806 1532 941 1611 confici,
970 1539 1031 1601 aut
1057 1531 1273 1623 Amphionis

223 1648 371 1739 alicujus
412 1656 499 1727 arte,
540 1646 696 1737 dispersa
738 1646 837 1735 quasi
879 1648 1039 1716 membra
1080 1649 1118 1715 in
1161 1669 1272 1715 unum

225 1765 395 1857 cogentis.

275 1877 480 1959 Quinetiam
515 1885 593 1946 toto
629 1900 747 1968 opere,
778 1900 860 1946 curn
894 1879 982 1947 nibil
1016 1879 1089 1948 fere
1124 1901 1196 1947 non
1228 1878 1273 1945 sit

223 2000 412 2074 moratum,
444 1992 590 2084 singulis
621 1992 798 2062 actoribus
832 1993 885 2061 sui
921 2015 1037 2062 mores
1071 2015 1154 2062 cum
1184 2015 1275 2083 prae·

224 2107 317 2179 clara
351 2108 502 2198 quadam
542 2106 780 2197 aequabilitate
819 2117 1023 2176 servantur:
1066 2115 1109 2177 ut
1152 2107 1274 2198 quales

223 2224 260 2292 in
291 2224 404 2315 prima
439 2222 625 2312 rhapsodia
654 2221 786 2290 fuerint
813 2221 984 2304 Achilles,
1012 2221 1273 2315 Agamemnon,

225 2339 369 2420 Nestor,
408 2337 608 2427 caeterique,
644 2334 734 2405 tales
775 2337 812 2404 in
854 2344 1015 2405 extrema
1052 2336 1158 2428 plane
1201 2361 1276 2407 ma·

224 2463 343 2523 noant.
412 2453 457 2521 Id
496 2453 589 2542 quod
627 2450 865 2520 imitatoribus
903 2451 1150 2521 difficillimum
1186 2454 1274 2535 fore,

225 2569 282 2638 vel
311 2592 357 2638 ex
386 2591 429 2637 eo
453 2568 538 2636 satis
565 2575 723 2657 apparet,
748 2567 843 2656 quod
871 2567 1034 2637 omnibus
1059 2567 1181 2638 Poetis
1207 2593 1273 2638 usu

225 2685 334 2765 venit,
352 2684 492 2774 quando
516 2683 644 2751 famam
673 2683 770 2771 sequi
794 2682 928 2764 volunt,
954 2692 990 2751 et
1016 2683 1083 2752 sibi
1108 2707 1274 2774 personas

225 2821 272 2867 ex
305 2798 452 2867 historia
485 2797 615 2889 legere.
681 2795 876 2865 Neminem
909 2797 1076 2878 invenies,
1107 2800 1168 2888 qui
1202 2820 1274 2866 non

225 2910 320 2981 ultro
355 2912 535 2981 communi
569 2908 764 3001 exemplari
799 2933 879 2980 suos
913 2912 1093 2980 induxerit
1128 2912 1274 2982 colores

227 3026 313 3097 Non
340 3049 412 3095 uno
442 3027 548 3094 modo
581 3025 761 3094 Electram
781 3026 968 3117 AEschylus
998 3036 1035 3096 ct
1070 3027 1275 3118 Sophocles,

227 3165 298 3209 non
319 3164 390 3209 uno
416 3140 585 3208 Medeam
610 3139 797 3230 Euripides
821 3149 858 3209 ct
878 3139 1038 3222 Ovidius,
1059 3165 1275 3232 expressere.

228 3254 309 3335 Quo
342 3254 455 3345 magis
489 3252 695 3322 incredibile
732 3254 789 3335 sit,
823 3254 1048 3344 imperfectae,
1083 3279 1189 3345 quam
1224 3255 1274 3324 illi

171 3369 176 3375 ’
226 3369 455 3451 somniantur,
499 3366 651 3437 Achillis
698 3368 843 3460 imagini
885 3393 1030 3438 manum
1074 3393 1275 3460 quenquam

228 3483 438 3564 adhibuisse,
465 3506 508 3552 eo
534 3484 693 3563 artificio,
720 3492 761 3552 ut
791 3483 879 3552 nulli
910 3486 1139 3554 commissura
1163 3486 1276 3576 pellu-

228 3605 328 3679 ccat3
358 3606 399 3666 ut
427 3598 545 3666 omnia
574 3599 716 3688 penitus
742 3605 779 3666 et
810 3599 887 3680 sibi,
919 3608 956 3668 et
984 3599 1093 3668 divini
1123 3600 1276 3669 hominis

229 3711 511 3802 splendidissimo
549 3718 764 3792 commento,
799 3720 960 3781 constare
993 3720 1030 3780 et
1064 3715 1276 3804 respondere

229 3826 424 3895 videantur.
475 3824 629 3894 Accedit
659 3827 754 3915 quod
785 3825 975 3908 Achillem,
1006 3828 1127 3896 dedita
1161 3851 1275 3919 opera,

229 3942 273 4010 ad
297 3941 424 4008 ultima
451 3940 512 4009 illa
539 3941 706 4008 reservari
731 3939 911 4010 videmus:
937 3964 1014 4031 quae
1037 3943 1099 4031 qui
1116 3941 1276 4011 Homero

228 4053 455 4142 abJ‘udicavit,
490 4054 529 4133 is,
560 4054 677 4136 credo,
710 4051 806 4120 haud
840 4053 992 4122 absimili
1026 4057 1177 4138 ratione,
1208 4078 1276 4124 non

220 4189 376 4236 ¹vernum
412 4175 565 4258 tempus,
600 4166 656 4254 (ut
691 4165 752 4235 ille
785 4168 880 4258 apud
914 4168 1186 4261 Thucydidem)
1217 4168 1276 4239 sed

595 4318 605 4342 ²
620 4311 702 4365 Arist.
717 4311 789 4366 Poet.
804 4313 911 4366 cxlvii.
