2738 4866
169 341 263 383 runo.
279 341 336 384 xn.
360 322 537 386 Mmzstraot
554 317 705 402 Pdaeooos,
717 343 784 407 qaae
798 323 838 386 sit
853 323 994 410 opificum
1008 325 1128 390 indoles.
1154 324 1216 395 193

166 495 458 571 circumferantur
491 501 594 583 oculi,
629 512 756 594 praesto
791 505 859 573 erit
893 504 1034 575 urbanae
1064 506 1145 575 vitae
1176 517 1213 576 et

165 637 273 706 opum
299 616 530 709 ingenuarum
556 618 758 707 exemplam
784 641 854 709 qua
879 642 924 689 ex
950 630 1050 711 parte
1076 621 1210 691 scilicet

164 729 335 799 credibile
360 740 414 801 est
440 731 600 802 Homero
626 734 820 804 innotuisse
848 735 1045 803 istiusmodi
1072 736 1212 805 vivendi

165 853 338 916 tenorem.
400 847 483 918 Hoo
505 850 579 942 agit
605 848 732 917 nobilis
757 848 818 917 ille
841 848 973 933 hortus,
995 851 1066 919 suis
1091 849 1214 920 limiti·

166 954 233 1028 bus
251 960 437 1032 artificiose
454 960 543 1033 adeo
566 973 704 1046 sectus3
731 987 843 1055 eaque
868 976 1011 1034 ornatus
1035 964 1212 1034 cultorum

165 1099 261 1158 cura,
279 1097 356 1168 quae
382 1078 480 1147 nullo
505 1102 661 1171 unquam
688 1089 848 1170 tempore
871 1103 1057 1171 pomorum
1083 1081 1212 1150 seriem

166 1191 319 1262 deficere
345 1194 447 1264 sinat.
499 1196 580 1279 Quo
603 1198 641 1265 in
668 1196 746 1265 loco
775 1195 863 1264 illud
893 1197 1085 1290 praesertim
1117 1196 1214 1266 locu-

165 1304 280 1396 pletes
313 1308 473 1380 homines
514 1312 632 1402 prodit
669 1319 707 1380 et
740 1311 880 1390 otiosos,
914 1310 1008 1401 quod
1042 1330 1212 1401 aquarum

165 1443 307 1513 quoque
324 1446 387 1515 per
403 1425 527 1495 urbem
545 1427 673 1496 ductus
690 1434 941 1505 memorantur,
959 1425 1122 1517 hortique
1140 1448 1211 1494 non

165 1537 242 1606 sine
269 1541 417 1610 artificio
452 1543 615 1632 quodam,
645 1543 699 1611 uti
729 1543 880 1623 videtur,
914 1542 1060 1634 irrigati.
1123 1542 1210 1623 Quae

165 1654 285 1723 omnia
311 1657 444 1748 optime
474 1681 520 1728 ex
547 1659 659 1728 altera
687 1673 788 1750 parte
821 1658 1035 1749 respondent
1068 1657 1210 1727 incultae

165 1765 217 1835 illi
244 1767 411 1863 Ortygiae,
441 1773 598 1863 aviisque
625 1771 722 1855 locis,
750 1771 849 1842 nulla
881 1793 1038 1862 unquam
1072 1770 1211 1841 violatis

165 1891 252 1954 arte.

216 1997 392 2070 Praeterea
414 2025 529 2072 mores
554 2013 716 2098 artesque
743 2001 934 2074 Phaeaoum
961 2003 1102 2094 sapiunt
1128 2023 1206 2070 cum

163 2116 286 2205 primis
303 2116 442 2188 divitias
459 2127 497 2188 et
520 2119 729 2189 mollitiem:
757 2143 827 2188 uon
854 2119 1008 2188 multum
1031 2116 1209 2187 absimiles

164 2251 297 2313 eorum,
309 2234 369 2323 qui
383 2256 446 2304 suo
459 2236 612 2327 cuipiam
625 2236 774 2306 artificio
788 2245 862 2305 tam
879 2237 1038 2326 impense
1055 2258 1076 2303 a
1092 2235 1209 2325 pueris

163 2369 307 2438 operam
341 2349 513 2433 dederint,
544 2360 585 2420 ut
618 2352 749 2421 inertes
784 2360 821 2421 et
855 2352 967 2443 inepti
1002 2352 1047 2420 ad
1082 2359 1209 2419 oaetera

163 2466 282 2534 omnia
295 2470 485 2550 accedant3
502 2490 592 2539 neve
606 2468 717 2538 latum
731 2468 874 2559 quidem
889 2490 1043 2561 unguem
1061 2491 1083 2537 a
1100 2489 1208 2560 penso

164 2580 289 2651 diurno
315 2584 495 2655 discedere
520 2584 661 2655 valeant
687 2584 744 2654 vel
769 2607 894 2654 manus
920 2607 1042 2654 eorum
1069 2584 1124 2652 vel
1155 2584 1208 2651 in·

161 2698 276 2788 genia.
311 2697 369 2771 Ao
385 2702 503 2772 nescio
520 2725 566 2771 an
583 2702 619 2771 id
637 2700 797 2770 Homero
814 2702 852 2769 in
875 2709 1032 2770 mentem
1050 2695 1208 2782 venerit3

161 2824 258 2886 certe
284 2819 376 2910 apud
403 2819 504 2890 illum
532 2818 693 2887 Phaeacia
716 2818 807 2886 duas·
823 2825 915 2886 artes
932 2818 1031 2907 quasi
1051 2817 1206 2910 proprias

160 2930 226 3001 sibi
246 2932 410 3014 vindicat,
428 2932 616 3028 navigandi
634 2932 769 3002 scilieet
785 2955 829 3002 ac·
845 2931 1030 3001 lanificii⁰z

302 3090 386 3146 ὅσσον
402 3093 508 3162 Φαίηκες
518 3094 579 3163 περὶ
590 3093 692 3147 πάντων
703 3090 784 3162 ἴδριες
794 3092 894 3161 ἀνδρῶν

301 3180 348 3246 νῆα
359 3178 422 3247 θοὴν
433 3178 470 3232 ε’νὶ
482 3181 567 3253 πόντιρ
580 3178 728 3248 ἐλαυνέμεν,
741 3180 775 3234 ὣς
787 3179 815 3233 δὲ
826 3180 943 3249 γυναῖκες

301 3265 374 3319 ἱστὸν
386 3267 518 3336 τεχνησαι’
537 3266 597 3336 περὶ
609 3266 659 3336 γάρ
671 3268 754 3336 σφισι
768 3265 847 3318 δῶκεν
857 3261 950 3331 Ἀθήνη

300 3352 364 3423 ἔργα
376 3350 397 3405 τ’
410 3352 569 3407 ἐπίστασθαι
579 3350 739 3421 περικαλλέα
751 3351 793 3405 καὶ
805 3350 903 3421 φρένας
914 3349 1020 3406 ἐσθλάς.

159 3497 203 3567 In
243 3499 387 3580 caeteris,
421 3522 501 3589 quae
540 3499 585 3567 ad
620 3498 736 3567 virum
777 3504 814 3565 et
857 3496 902 3565 ad
941 3495 1050 3566 heroa
1091 3499 1203 3588 magis

157 3615 336 3707 pertinere
362 3614 558 3695 videantur,
588 3613 694 3684 facile
722 3635 759 3682 se
789 3613 944 3704 superari
974 3614 1108 3704 patitur
1138 3611 1203 3681 Al-

156 3725 300 3800 cinousf
308 3751 315 3798 :

298 3867 328 3920 od
339 3868 389 3938 γὰρ
401 3868 534 3939 πυγμάχοι
546 3868 615 3938 εἰμὲν
627 3866 760 3937 ἀμύμονες,
773 3866 833 3921 οὐδὲ
844 3867 996 3930 παλαισταὶ,

298 3953 368 4007 ἀλλὰ
378 3955 443 4009 ποσὶ
456 3961 582 4032 κραιπνῶς
593 3954 694 4024 diones,
706 3954 747 4007 καὶ
760 3954 851 4021 νηυσὶν
863 3953 977 4023 ἄριστοι·

297 4041 347 4094 αἰεὶ
359 4040 380 4094 δ’
394 4039 454 4110 ἡμῖν
465 4041 521 4097 δαίς
533 4063 560 4094 τι
572 4041 650 4113 φίλη,
665 4040 764 4112 κίθαρίς
775 4062 803 4094 τε
815 4041 892 4110 χοροί
903 4062 940 4105 τε,

297 4125 387 4195 εἵματα
398 4125 420 4180 τ’
434 4127 568 4197 ἐξημοιβὰ,
581 4127 676 4197 λοετρά
687 4150 716 4181 τε
728 4125 810 4198 θερμὰ
821 4128 862 4181 καὶ
875 4128 953 4182 εὐναί.

332 4324 343 4347 ²
362 4317 416 4371 0d.
429 4319 473 4372 vii.
489 4319 548 4373 108.
865 4317 876 4356 f
893 4319 946 4374 viii.
961 4318 1022 4386 246.
