<?xml version="1.0" encoding="UTF-8"?>
<!DOCTYPE html PUBLIC "-//W3C//DTD XHTML 1.0 Transitional//EN"
    "http://www.w3.org/TR/xhtml1/DTD/xhtml1-transitional.dtd">
<html xmlns="http://www.w3.org/1999/xhtml" xml:lang="en" lang="en">
 <head>
  <title>
</title>
<meta http-equiv="Content-Type" content="text/html;charset=utf-8" />
  <meta name='ocr-system' content='tesseract 3.04.00' />
  <meta name='ocr-capabilities' content='ocr_page ocr_carea ocr_par ocr_line ocrx_word'/>
</head>
<body>
  <div class='ocr_page' id='page_1' title='image "./depoeticaevimed01keblgoog_0112.png"; bbox 0 0 2738 4866; ppageno 0'>
   <div class='ocr_carea' id='block_1_1' title="bbox 161 318 1218 396">
    <p class='ocr_par' dir='ltr' id='par_1_1' title="bbox 161 318 1218 396">
     <span class='ocr_line' id='line_1_1' title="bbox 161 318 1218 396; baseline 0.001 -17"><span class='ocrx_word' id='word_1_1' title='bbox 161 341 255 382; x_wconf 71' lang='lat' dir='ltr'><strong>runc.</strong></span> <span class='ocrx_word' id='word_1_2' title='bbox 265 341 322 380; x_wconf 87' lang='lat' dir='ltr'><strong>vn.</strong></span> <span class='ocrx_word' id='word_1_3' title='bbox 522 319 665 396; x_wconf 73' lang='lat' dir='ltr'><strong>Achilles,</strong></span> <span class='ocrx_word' id='word_1_4' title='bbox 681 318 756 381; x_wconf 75' lang='lat' dir='ltr'><strong>Diis</strong></span> <span class='ocrx_word' id='word_1_5' title='bbox 769 340 867 380; x_wconf 81' lang='lat' dir='ltr'><strong>carus.</strong></span> <span class='ocrx_word' id='word_1_6' title='bbox 1154 319 1218 380; x_wconf 78' lang='lat'><strong>103</strong></span> 
     </span>
    </p>
   </div>
   <div class='ocr_carea' id='block_1_2' title="bbox 164 478 1216 570">
    <p class='ocr_par' dir='ltr' id='par_1_2' title="bbox 164 478 1216 570">
     <span class='ocr_line' id='line_1_2' title="bbox 164 478 1216 570; baseline -0.003 -19"><span class='ocrx_word' id='word_1_7' title='bbox 164 485 238 552; x_wconf 88' lang='lat' dir='ltr'><strong>sive</strong></span> <span class='ocrx_word' id='word_1_8' title='bbox 271 483 421 551; x_wconf 86' lang='lat' dir='ltr'><strong>Musicae</strong></span> <span class='ocrx_word' id='word_1_9' title='bbox 456 489 494 551; x_wconf 90' lang='lat' dir='ltr'><strong>et</strong></span> <span class='ocrx_word' id='word_1_10' title='bbox 528 481 741 550; x_wconf 81' lang='lat' dir='ltr'><strong>carminibus</strong></span> <span class='ocrx_word' id='word_1_11' title='bbox 771 481 832 549; x_wconf 84' lang='lat' dir='ltr'><strong>det</strong></span> <span class='ocrx_word' id='word_1_12' title='bbox 868 501 1021 570; x_wconf 84' lang='lat' dir='ltr'><strong>operam,</strong></span> <span class='ocrx_word' id='word_1_13' title='bbox 1052 478 1216 548; x_wconf 81' lang='lat' dir='ltr'>Patroclo</span> 
     </span>
    </p>
   </div>
   <div class='ocr_carea' id='block_1_3' title="bbox 166 600 993 763">
    <p class='ocr_par' dir='ltr' id='par_1_3' title="bbox 166 600 993 763">
     <span class='ocr_line' id='line_1_3' title="bbox 166 600 339 680; baseline -0.006 -13"><span class='ocrx_word' id='word_1_14' title='bbox 166 600 339 680; x_wconf 90' lang='lat' dir='ltr'><strong>auditore,</strong></span> 
     </span>
     <span class='ocr_line' id='line_1_4' title="bbox 415 689 993 763; baseline 0.012 -17"><span class='ocrx_word' id='word_1_15' title='bbox 415 732 421 746; x_wconf 89' lang='lat'><em>.</em></span> <span class='ocrx_word' id='word_1_16' title='bbox 442 734 449 745; x_wconf 94' lang='lat'><em>.</em></span> <span class='ocrx_word' id='word_1_17' title='bbox 470 732 477 745; x_wconf 88' lang='lat'><strong>.</strong></span> <span class='ocrx_word' id='word_1_18' title='bbox 496 693 581 763; x_wconf 98' lang='grc' dir='ltr'>φρένα</span> <span class='ocrx_word' id='word_1_19' title='bbox 593 693 749 762; x_wconf 71' lang='grc' dir='ltr'>τερπόμενος</span> <span class='ocrx_word' id='word_1_20' title='bbox 761 692 889 761; x_wconf 70' lang='grc' dir='ltr'>φόρμιγγι</span> <span class='ocrx_word' id='word_1_21' title='bbox 901 689 993 760; x_wconf 64' lang='grc' dir='ltr'>λιγείῃ,</span> 
     </span>
    </p>
   </div>
   <div class='ocr_carea' id='block_1_4' title="bbox 155 774 1254 3522">
    <p class='ocr_par' dir='ltr' id='par_1_4' title="bbox 306 774 936 847">
     <span class='ocr_line' id='line_1_5' title="bbox 306 774 936 847; baseline -0.003 -15"><span class='ocrx_word' id='word_1_22' title='bbox 306 782 382 847; x_wconf 84' lang='grc' dir='ltr'>καλῇ,</span> <span class='ocrx_word' id='word_1_23' title='bbox 395 778 523 846; x_wconf 82' lang='grc' dir='ltr'>δαιδαλίῃ,</span> <span class='ocrx_word' id='word_1_24' title='bbox 535 778 579 832; x_wconf 83' lang='grc' dir='ltr'>ε’πὶ</span> <span class='ocrx_word' id='word_1_25' title='bbox 591 776 613 832; x_wconf 80' lang='grc' dir='ltr'><strong>δ’</strong></span> <span class='ocrx_word' id='word_1_26' title='bbox 626 776 751 847; x_wconf 83' lang='grc' dir='ltr'>ἇργῦρεον</span> <span class='ocrx_word' id='word_1_27' title='bbox 764 775 839 847; x_wconf 71' lang='lat' dir='ltr'><strong>(iper</strong></span> <span class='ocrx_word' id='word_1_28' title='bbox 851 774 902 843; x_wconf 83' lang='grc' dir='ltr'>ἦεν,</span> <span class='ocrx_word' id='word_1_29' title='bbox 932 784 936 794; x_wconf 90' lang='grc'><strong>’</strong></span> 
     </span>
    </p>

    <p class='ocr_par' dir='ltr' id='par_1_5' title="bbox 307 862 966 935">
     <span class='ocr_line' id='line_1_6' title="bbox 307 862 966 935; baseline -0.002 -16"><span class='ocrx_word' id='word_1_30' title='bbox 307 866 353 933; x_wconf 72' lang='grc' dir='ltr'><strong>τὴν</strong></span> <span class='ocrx_word' id='word_1_31' title='bbox 365 864 433 935; x_wconf 77' lang='grc' dir='ltr'>ἄρετ’</span> <span class='ocrx_word' id='word_1_32' title='bbox 447 865 477 932; x_wconf 74' lang='grc' dir='ltr'><strong>ἐξ</strong></span> <span class='ocrx_word' id='word_1_33' title='bbox 488 864 592 935; x_wconf 77' lang='grc' dir='ltr'>ἐνάρων,</span> <span class='ocrx_word' id='word_1_34' title='bbox 604 866 683 918; x_wconf 91' lang='grc' dir='ltr'>πόλιν</span> <span class='ocrx_word' id='word_1_35' title='bbox 692 862 830 918; x_wconf 75' lang='grc' dir='ltr'>Ἠετίωνος</span> <span class='ocrx_word' id='word_1_36' title='bbox 842 862 966 918; x_wconf 82' lang='grc' dir='ltr'>ὀλέσσας·</span> 
     </span>
    </p>

    <p class='ocr_par' dir='ltr' id='par_1_6' title="bbox 307 947 990 1021">
     <span class='ocr_line' id='line_1_7' title="bbox 307 947 990 1021; baseline -0.007 -16"><span class='ocrx_word' id='word_1_37' title='bbox 307 954 337 1018; x_wconf 83' lang='grc' dir='ltr'><strong>τῇ</strong></span> <span class='ocrx_word' id='word_1_38' title='bbox 350 950 400 1021; x_wconf 74' lang='grc' dir='ltr'><strong>ἄρα</strong></span> <span class='ocrx_word' id='word_1_39' title='bbox 412 951 493 1020; x_wconf 82' lang='grc' dir='ltr'>θομδν</span> <span class='ocrx_word' id='word_1_40' title='bbox 504 951 618 1021; x_wconf 82' lang='grc' dir='ltr'>ἔτερπεν,</span> <span class='ocrx_word' id='word_1_41' title='bbox 631 948 700 1002; x_wconf 76' lang='grc' dir='ltr'>ι’ίειδε</span> <span class='ocrx_word' id='word_1_42' title='bbox 712 948 734 1001; x_wconf 76' lang='grc' dir='ltr'><strong>δ’</strong></span> <span class='ocrx_word' id='word_1_43' title='bbox 746 948 796 1018; x_wconf 75' lang='grc' dir='ltr'><strong>ἄρα</strong></span> <span class='ocrx_word' id='word_1_44' title='bbox 808 947 872 1001; x_wconf 90' lang='grc' dir='ltr'>κλέα</span> <span class='ocrx_word' id='word_1_45' title='bbox 883 948 990 1018; x_wconf 77' lang='grc' dir='ltr'>ἀνδρῶν.</span> 
     </span>
    </p>

    <p class='ocr_par' dir='ltr' id='par_1_7' title="bbox 306 1034 911 1107">
     <span class='ocr_line' id='line_1_8' title="bbox 306 1034 911 1107; baseline -0.007 -17"><span class='ocrx_word' id='word_1_46' title='bbox 306 1037 459 1107; x_wconf 84' lang='grc' dir='ltr'>Πάτροκλος</span> <span class='ocrx_word' id='word_1_47' title='bbox 471 1036 500 1090; x_wconf 89' lang='grc' dir='ltr'><strong>δέ</strong></span> <span class='ocrx_word' id='word_1_48' title='bbox 512 1039 536 1090; x_wconf 73' lang='grc' dir='ltr'><strong>οἱ</strong></span> <span class='ocrx_word' id='word_1_49' title='bbox 548 1034 601 1092; x_wconf 80' lang='grc' dir='ltr'>οἶος</span> <span class='ocrx_word' id='word_1_50' title='bbox 612 1035 725 1090; x_wconf 80' lang='grc' dir='ltr'>ε’ναντίος</span> <span class='ocrx_word' id='word_1_51' title='bbox 735 1034 802 1103; x_wconf 67' lang='grc' dir='ltr'>ἧστο</span> <span class='ocrx_word' id='word_1_52' title='bbox 813 1038 911 1102; x_wconf 69' lang='grc' dir='ltr'>σιωπῇ,</span> 
     </span>
    </p>

    <p class='ocr_par' dir='ltr' id='par_1_8' title="bbox 159 1121 1214 1566">
     <span class='ocr_line' id='line_1_9' title="bbox 307 1121 951 1194; baseline -0.003 -18"><span class='ocrx_word' id='word_1_53' title='bbox 307 1123 429 1194; x_wconf 76' lang='grc' dir='ltr'>δέγμενος</span> <span class='ocrx_word' id='word_1_54' title='bbox 440 1123 570 1191; x_wconf 76' lang='grc' dir='ltr'>Αἰακίδην,</span> <span class='ocrx_word' id='word_1_55' title='bbox 584 1121 662 1176; x_wconf 76' lang='grc' dir='ltr'>ὅποι-ε</span> <span class='ocrx_word' id='word_1_56' title='bbox 673 1121 775 1192; x_wconf 70' lang='grc' dir='ltr'>λῆξειεν</span> <span class='ocrx_word' id='word_1_57' title='bbox 786 1121 899 1175; x_wconf 62' lang='grc' dir='ltr'><strong>ιίείδιονει</strong></span> <span class='ocrx_word' id='word_1_58' title='bbox 907 1141 951 1174; x_wconf 88' lang='lat'><strong>:—</strong></span> 
     </span>
     <span class='ocr_line' id='line_1_10' title="bbox 161 1242 1214 1338; baseline -0.005 -23"><span class='ocrx_word' id='word_1_59' title='bbox 161 1248 235 1316; x_wconf 88' lang='lat' dir='ltr'><strong>sive</strong></span> <span class='ocrx_word' id='word_1_60' title='bbox 252 1268 430 1338; x_wconf 89' lang='lat' dir='ltr'><strong>praecones</strong></span> <span class='ocrx_word' id='word_1_61' title='bbox 454 1246 499 1315; x_wconf 90' lang='lat' dir='ltr'><strong>ab</strong></span> <span class='ocrx_word' id='word_1_62' title='bbox 523 1246 599 1336; x_wconf 88' lang='lat' dir='ltr'><strong>ipso</strong></span> <span class='ocrx_word' id='word_1_63' title='bbox 617 1242 889 1336; x_wconf 83' lang='lat' dir='ltr'><strong>Agamemnone</strong></span> <span class='ocrx_word' id='word_1_64' title='bbox 912 1244 1036 1313; x_wconf 86' lang='lat' dir='ltr'><strong>missos</strong></span> <span class='ocrx_word' id='word_1_65' title='bbox 1059 1244 1103 1312; x_wconf 88' lang='lat' dir='ltr'><strong>ad</strong></span> <span class='ocrx_word' id='word_1_66' title='bbox 1124 1243 1214 1333; x_wconf 91' lang='lat' dir='ltr'><strong>rapi-</strong></span> 
     </span>
     <span class='ocr_line' id='line_1_11' title="bbox 160 1359 1212 1440; baseline -0.004 -10"><span class='ocrx_word' id='word_1_67' title='bbox 160 1362 291 1430; x_wconf 84' lang='lat' dir='ltr'><strong>endam</strong></span> <span class='ocrx_word' id='word_1_68' title='bbox 318 1361 479 1430; x_wconf 88' lang='lat' dir='ltr'><strong>Briseida</strong></span> <span class='ocrx_word' id='word_1_69' title='bbox 507 1383 579 1429; x_wconf 92' lang='lat' dir='ltr'><strong>non</strong></span> <span class='ocrx_word' id='word_1_70' title='bbox 610 1359 735 1428; x_wconf 82' lang='lat' dir='ltr'><strong>illaesos</strong></span> <span class='ocrx_word' id='word_1_71' title='bbox 763 1359 868 1428; x_wconf 90' lang='lat' dir='ltr'><strong>modo</strong></span> <span class='ocrx_word' id='word_1_72' title='bbox 894 1359 1063 1440; x_wconf 90' lang='lat' dir='ltr'><strong>dimittat,</strong></span> <span class='ocrx_word' id='word_1_73' title='bbox 1092 1381 1212 1428; x_wconf 86' lang='lat' dir='ltr'><strong>verum</strong></span> 
     </span>
     <span class='ocr_line' id='line_1_12' title="bbox 159 1476 809 1566; baseline -0.006 -20"><span class='ocrx_word' id='word_1_74' title='bbox 159 1478 272 1546; x_wconf 86' lang='lat' dir='ltr'><strong>etiam</strong></span> <span class='ocrx_word' id='word_1_75' title='bbox 292 1477 408 1546; x_wconf 89' lang='lat' dir='ltr'><strong>verbis</strong></span> <span class='ocrx_word' id='word_1_76' title='bbox 425 1476 617 1545; x_wconf 87' lang='lat' dir='ltr'><strong>honorifice</strong></span> <span class='ocrx_word' id='word_1_77' title='bbox 634 1483 809 1566; x_wconf 86' lang='lat' dir='ltr'><strong>acceptos.</strong></span> 
     </span>
    </p>

    <p class='ocr_par' dir='ltr' id='par_1_9' title="bbox 157 1589 1213 2260">
     <span class='ocr_line' id='line_1_13' title="bbox 214 1589 1213 1680; baseline -0.004 -19"><span class='ocrx_word' id='word_1_78' title='bbox 214 1590 304 1661; x_wconf 88' lang='lat' dir='ltr'><strong>Haec</strong></span> <span class='ocrx_word' id='word_1_79' title='bbox 334 1593 453 1660; x_wconf 91' lang='lat' dir='ltr'><strong>omnia</strong></span> <span class='ocrx_word' id='word_1_80' title='bbox 482 1591 586 1660; x_wconf 91' lang='lat' dir='ltr'><strong>unice</strong></span> <span class='ocrx_word' id='word_1_81' title='bbox 620 1590 708 1659; x_wconf 92' lang='lat' dir='ltr'><strong>illud</strong></span> <span class='ocrx_word' id='word_1_82' title='bbox 744 1589 912 1669; x_wconf 83' lang='lat' dir='ltr'><strong>cumulat,</strong></span> <span class='ocrx_word' id='word_1_83' title='bbox 944 1590 1037 1680; x_wconf 92' lang='lat' dir='ltr'><strong>quod</strong></span> <span class='ocrx_word' id='word_1_84' title='bbox 1068 1590 1105 1659; x_wconf 91' lang='lat' dir='ltr'><strong>in</strong></span> <span class='ocrx_word' id='word_1_85' title='bbox 1136 1597 1213 1658; x_wconf 93' lang='lat' dir='ltr'><strong>toto</strong></span> 
     </span>
     <span class='ocr_line' id='line_1_14' title="bbox 161 1704 1212 1799; baseline -0.005 -22"><span class='ocrx_word' id='word_1_86' title='bbox 161 1708 335 1798; x_wconf 86' lang='lat' dir='ltr'><strong>poematis</strong></span> <span class='ocrx_word' id='word_1_87' title='bbox 369 1708 519 1776; x_wconf 89' lang='lat' dir='ltr'><strong>decursu</strong></span> <span class='ocrx_word' id='word_1_88' title='bbox 554 1706 758 1799; x_wconf 84' lang='lat' dir='ltr'><strong>diligentius</strong></span> <span class='ocrx_word' id='word_1_89' title='bbox 796 1704 1002 1780; x_wconf 82' lang='lat' dir='ltr'><strong>inculcatur,</strong></span> <span class='ocrx_word' id='word_1_90' title='bbox 1031 1704 1212 1773; x_wconf 91' lang='lat' dir='ltr'><strong>Achillem</strong></span> 
     </span>
     <span class='ocr_line' id='line_1_15' title="bbox 160 1821 1213 1893; baseline -0.001 -3"><span class='ocrx_word' id='word_1_91' title='bbox 160 1821 270 1892; x_wconf 88' lang='lat' dir='ltr'><strong>fuisse</strong></span> <span class='ocrx_word' id='word_1_92' title='bbox 297 1821 376 1892; x_wconf 89' lang='lat' dir='ltr'><strong>Diis</strong></span> <span class='ocrx_word' id='word_1_93' title='bbox 405 1824 537 1891; x_wconf 87' lang='lat' dir='ltr'><strong>eximie</strong></span> <span class='ocrx_word' id='word_1_94' title='bbox 571 1845 712 1893; x_wconf 86' lang='lat' dir='ltr'><strong>carum:</strong></span> <span class='ocrx_word' id='word_1_95' title='bbox 748 1822 896 1890; x_wconf 85' lang='lat' dir='ltr'><strong>mirifice</strong></span> <span class='ocrx_word' id='word_1_96' title='bbox 931 1844 1013 1890; x_wconf 92' lang='lat' dir='ltr'><strong>cum</strong></span> <span class='ocrx_word' id='word_1_97' title='bbox 1044 1844 1086 1889; x_wconf 90' lang='lat' dir='ltr'><strong>eo</strong></span> <span class='ocrx_word' id='word_1_98' title='bbox 1116 1844 1213 1890; x_wconf 91' lang='lat' dir='ltr'><strong>com-</strong></span> 
     </span>
     <span class='ocr_line' id='line_1_16' title="bbox 160 1935 1212 2029; baseline -0.001 -24"><span class='ocrx_word' id='word_1_99' title='bbox 160 1960 287 2007; x_wconf 89' lang='lat' dir='ltr'><strong>munes</strong></span> <span class='ocrx_word' id='word_1_100' title='bbox 322 1939 397 2029; x_wconf 91' lang='lat' dir='ltr'><strong>pati</strong></span> <span class='ocrx_word' id='word_1_101' title='bbox 438 1938 584 2008; x_wconf 87' lang='lat' dir='ltr'><strong>affectus</strong></span> <span class='ocrx_word' id='word_1_102' title='bbox 620 1938 786 2029; x_wconf 92' lang='lat' dir='ltr'><strong>quicquid</strong></span> <span class='ocrx_word' id='word_1_103' title='bbox 824 1944 879 2006; x_wconf 87' lang='lat' dir='ltr'><strong>cst</strong></span> <span class='ocrx_word' id='word_1_104' title='bbox 920 1936 1052 2028; x_wconf 92' lang='lat' dir='ltr'><strong>ubique</strong></span> <span class='ocrx_word' id='word_1_105' title='bbox 1086 1935 1212 2004; x_wconf 86' lang='lat' dir='ltr'><strong>divinae</strong></span> 
     </span>
     <span class='ocr_line' id='line_1_17' title="bbox 160 2052 1211 2146; baseline 0 -24"><span class='ocrx_word' id='word_1_106' title='bbox 160 2055 359 2143; x_wconf 87' lang='lat' dir='ltr'><strong>potestatis.</strong></span> <span class='ocrx_word' id='word_1_107' title='bbox 432 2053 665 2146; x_wconf 87' lang='lat' dir='ltr'><strong>Lacrymatur</strong></span> <span class='ocrx_word' id='word_1_108' title='bbox 708 2052 768 2122; x_wconf 90' lang='lat' dir='ltr'><strong>ille</strong></span> <span class='ocrx_word' id='word_1_109' title='bbox 810 2052 905 2122; x_wconf 90' lang='lat' dir='ltr'><strong>solus</strong></span> <span class='ocrx_word' id='word_1_110' title='bbox 947 2054 983 2120; x_wconf 92' lang='lat' dir='ltr'><strong>in</strong></span> <span class='ocrx_word' id='word_1_111' title='bbox 1027 2053 1211 2131; x_wconf 73' lang='lat' dir='ltr'><strong>tentorio?</strong></span> 
     </span>
     <span class='ocr_line' id='line_1_18' title="bbox 157 2168 991 2260; baseline -0.002 -22"><span class='ocrx_word' id='word_1_112' title='bbox 157 2178 432 2240; x_wconf 73' lang='lat' dir='ltr'><strong>commoventur</strong></span> <span class='ocrx_word' id='word_1_113' title='bbox 448 2171 569 2240; x_wconf 86' lang='lat' dir='ltr'><strong>statim</strong></span> <span class='ocrx_word' id='word_1_114' title='bbox 588 2169 786 2240; x_wconf 88' lang='lat' dir='ltr'><strong>Oceanides</strong></span> <span class='ocrx_word' id='word_1_115' title='bbox 805 2168 991 2260; x_wconf 68' lang='lat' dir='ltr'><strong>Nymphae,</strong></span> 
     </span>
    </p>

    <p class='ocr_par' dir='ltr' id='par_1_10' title="bbox 156 2296 1254 2853">
     <span class='ocr_line' id='line_1_19' title="bbox 337 2296 1003 2367; baseline -0.003 -16"><span class='ocrx_word' id='word_1_116' title='bbox 337 2297 424 2365; x_wconf 77' lang='grc' dir='ltr'>ἥμεναι</span> <span class='ocrx_word' id='word_1_117' title='bbox 437 2298 464 2350; x_wconf 87' lang='grc' dir='ltr'><strong>έν</strong></span> <span class='ocrx_word' id='word_1_118' title='bbox 475 2296 617 2361; x_wconf 81' lang='grc' dir='ltr'>βένθεσσιν</span> <span class='ocrx_word' id='word_1_119' title='bbox 628 2296 692 2353; x_wconf 81' lang='grc' dir='ltr'>ἁλδς</span> <span class='ocrx_word' id='word_1_120' title='bbox 702 2298 772 2367; x_wconf 82' lang='grc' dir='ltr'>παρὰ</span> <span class='ocrx_word' id='word_1_121' title='bbox 783 2297 862 2365; x_wconf 78' lang='grc' dir='ltr'>πατρὶ</span> <span class='ocrx_word' id='word_1_122' title='bbox 873 2296 1003 2366; x_wconf 61' lang='grc' dir='ltr'>γέροντιῑ).</span> 
     </span>
     <span class='ocr_line' id='line_1_20' title="bbox 159 2417 1211 2511; baseline -0.002 -23"><span class='ocrx_word' id='word_1_123' title='bbox 159 2418 322 2511; x_wconf 86' lang='lat' dir='ltr'><strong>Supplex</strong></span> <span class='ocrx_word' id='word_1_124' title='bbox 350 2418 410 2487; x_wconf 88' lang='lat' dir='ltr'><strong>ille</strong></span> <span class='ocrx_word' id='word_1_125' title='bbox 428 2417 569 2489; x_wconf 86' lang='lat' dir='ltr'><strong>Ventos</strong></span> <span class='ocrx_word' id='word_1_126' title='bbox 596 2418 724 2487; x_wconf 88' lang='lat' dir='ltr'><strong>invitat</strong></span> <span class='ocrx_word' id='word_1_127' title='bbox 752 2419 796 2487; x_wconf 89' lang='lat' dir='ltr'><strong>ad</strong></span> <span class='ocrx_word' id='word_1_128' title='bbox 829 2440 905 2487; x_wconf 88' lang='lat' dir='ltr'><strong>ossa</strong></span> <span class='ocrx_word' id='word_1_129' title='bbox 935 2419 1038 2486; x_wconf 90' lang='lat' dir='ltr'><strong>amici</strong></span> <span class='ocrx_word' id='word_1_130' title='bbox 1065 2418 1211 2486; x_wconf 67' lang='lat' dir='ltr'><strong>combur-</strong></span> 
     </span>
     <span class='ocr_line' id='line_1_21' title="bbox 159 2532 1254 2623; baseline -0.003 -20"><span class='ocrx_word' id='word_1_131' title='bbox 159 2535 292 2604; x_wconf 73' lang='lat' dir='ltr'><strong>reuda?</strong></span> <span class='ocrx_word' id='word_1_132' title='bbox 320 2535 429 2603; x_wconf 87' lang='lat' dir='ltr'><strong>sentit</strong></span> <span class='ocrx_word' id='word_1_133' title='bbox 448 2536 521 2615; x_wconf 89' lang='lat' dir='ltr'><strong>Iris,</strong></span> <span class='ocrx_word' id='word_1_134' title='bbox 540 2534 754 2623; x_wconf 86' lang='lat' dir='ltr'><strong>nunciatque</strong></span> <span class='ocrx_word' id='word_1_135' title='bbox 774 2533 975 2602; x_wconf 92' lang='lat' dir='ltr'><strong>Ventorum</strong></span> <span class='ocrx_word' id='word_1_136' title='bbox 993 2533 1131 2616; x_wconf 82' lang='lat' dir='ltr'><strong>Choro;</strong></span> <span class='ocrx_word' id='word_1_137' title='bbox 1157 2532 1208 2601; x_wconf 94' lang='lat' dir='ltr'><strong>illi</strong></span> <span class='ocrx_word' id='word_1_138' title='bbox 1253 2610 1254 2614; x_wconf 7' lang='grc' dir='ltr'><strong>Ἰ</strong></span> 
     </span>
     <span class='ocr_line' id='line_1_22' title="bbox 156 2648 1208 2739; baseline 0 -23"><span class='ocrx_word' id='word_1_139' title='bbox 156 2670 242 2716; x_wconf 92' lang='lat' dir='ltr'><strong>cum</strong></span> <span class='ocrx_word' id='word_1_140' title='bbox 260 2669 389 2738; x_wconf 86' lang='lat' dir='ltr'><strong>magno</strong></span> <span class='ocrx_word' id='word_1_141' title='bbox 406 2656 575 2739; x_wconf 88' lang='lat' dir='ltr'><strong>apparatu</strong></span> <span class='ocrx_word' id='word_1_142' title='bbox 593 2657 793 2738; x_wconf 87' lang='lat' dir='ltr'><strong>properant,</strong></span> <span class='ocrx_word' id='word_1_143' title='bbox 808 2656 845 2717; x_wconf 90' lang='lat' dir='ltr'><strong>et</strong></span> <span class='ocrx_word' id='word_1_144' title='bbox 860 2649 958 2738; x_wconf 82' lang='lat' dir='ltr'><strong>quasi</strong></span> <span class='ocrx_word' id='word_1_145' title='bbox 975 2648 1208 2717; x_wconf 87' lang='lat' dir='ltr'><strong>ministerium</strong></span> 
     </span>
     <span class='ocr_line' id='line_1_23' title="bbox 158 2769 442 2853; baseline 0 -23"><span class='ocrx_word' id='word_1_146' title='bbox 158 2769 404 2853; x_wconf 88' lang='lat' dir='ltr'><strong>exsequuntur</strong></span> <span class='ocrx_word' id='word_1_147' title='bbox 415 2775 442 2830; x_wconf 79' lang='lat'><strong>⁰.</strong></span> 
     </span>
    </p>

    <p class='ocr_par' dir='ltr' id='par_1_11' title="bbox 155 2876 1208 3522">
     <span class='ocr_line' id='line_1_24' title="bbox 223 2876 1207 2968; baseline 0.003 -24"><span class='ocrx_word' id='word_1_148' title='bbox 223 2876 348 2945; x_wconf 87' lang='lat' dir='ltr'><strong>Liceat</strong></span> <span class='ocrx_word' id='word_1_149' title='bbox 391 2878 537 2946; x_wconf 89' lang='lat' dir='ltr'><strong>tandem</strong></span> <span class='ocrx_word' id='word_1_150' title='bbox 576 2878 823 2968; x_wconf 87' lang='lat' dir='ltr'><strong>exemplorum</strong></span> <span class='ocrx_word' id='word_1_151' title='bbox 864 2881 991 2948; x_wconf 87' lang='lat' dir='ltr'><strong>seriem</strong></span> <span class='ocrx_word' id='word_1_152' title='bbox 1034 2878 1207 2961; x_wconf 87' lang='lat' dir='ltr'><strong>claudere,</strong></span> 
     </span>
     <span class='ocr_line' id='line_1_25' title="bbox 158 2991 1207 3085; baseline -0.001 -25"><span class='ocrx_word' id='word_1_153' title='bbox 158 2991 364 3060; x_wconf 87' lang='lat' dir='ltr'><strong>dulcissima</strong></span> <span class='ocrx_word' id='word_1_154' title='bbox 398 2991 460 3061; x_wconf 90' lang='lat' dir='ltr'><strong>illa</strong></span> <span class='ocrx_word' id='word_1_155' title='bbox 493 2993 591 3083; x_wconf 90' lang='lat' dir='ltr'><strong>quasi</strong></span> <span class='ocrx_word' id='word_1_156' title='bbox 629 2993 742 3063; x_wconf 85' lang='lat' dir='ltr'><strong>naenia</strong></span> <span class='ocrx_word' id='word_1_157' title='bbox 780 2995 928 3084; x_wconf 89' lang='lat' dir='ltr'><strong>adjecta,</strong></span> <span class='ocrx_word' id='word_1_158' title='bbox 962 3017 1041 3085; x_wconf 90' lang='lat' dir='ltr'><strong>quae</strong></span> <span class='ocrx_word' id='word_1_159' title='bbox 1079 3001 1134 3062; x_wconf 88' lang='lat' dir='ltr'><strong>est</strong></span> <span class='ocrx_word' id='word_1_160' title='bbox 1171 2993 1207 3060; x_wconf 92' lang='lat' dir='ltr'><strong>in</strong></span> 
     </span>
     <span class='ocr_line' id='line_1_26' title="bbox 162 3106 1207 3198; baseline 0.004 -23"><span class='ocrx_word' id='word_1_161' title='bbox 162 3106 318 3176; x_wconf 89' lang='lat' dir='ltr'><strong>Patrocli</strong></span> <span class='ocrx_word' id='word_1_162' title='bbox 346 3107 488 3177; x_wconf 86' lang='lat' dir='ltr'><strong>funere:</strong></span> <span class='ocrx_word' id='word_1_163' title='bbox 525 3131 594 3198; x_wconf 90' lang='lat' dir='ltr'><strong>qua</strong></span> <span class='ocrx_word' id='word_1_164' title='bbox 621 3132 692 3177; x_wconf 87' lang='lat' dir='ltr'><strong>una</strong></span> <span class='ocrx_word' id='word_1_165' title='bbox 719 3133 756 3178; x_wconf 87' lang='lat' dir='ltr'><strong>se</strong></span> <span class='ocrx_word' id='word_1_166' title='bbox 783 3118 957 3179; x_wconf 89' lang='lat' dir='ltr'><strong>monstrat</strong></span> <span class='ocrx_word' id='word_1_167' title='bbox 984 3109 1100 3179; x_wconf 85' lang='lat' dir='ltr'><strong>Heros</strong></span> <span class='ocrx_word' id='word_1_168' title='bbox 1122 3111 1207 3179; x_wconf 89' lang='lat' dir='ltr'><strong>vitae</strong></span> 
     </span>
     <span class='ocr_line' id='line_1_27' title="bbox 158 3222 1208 3313; baseline 0.006 -25"><span class='ocrx_word' id='word_1_169' title='bbox 158 3222 368 3313; x_wconf 83' lang='lat' dir='ltr'><strong>prodigum3</strong></span> <span class='ocrx_word' id='word_1_170' title='bbox 395 3223 527 3312; x_wconf 86' lang='lat' dir='ltr'><strong>patriae,</strong></span> <span class='ocrx_word' id='word_1_171' title='bbox 545 3224 710 3313; x_wconf 87' lang='lat' dir='ltr'><strong>parentis,</strong></span> <span class='ocrx_word' id='word_1_172' title='bbox 729 3226 832 3293; x_wconf 89' lang='lat' dir='ltr'><strong>amici</strong></span> <span class='ocrx_word' id='word_1_173' title='bbox 856 3247 1070 3307; x_wconf 86' lang='lat' dir='ltr'><strong>memorcm3</strong></span> <span class='ocrx_word' id='word_1_174' title='bbox 1097 3226 1208 3294; x_wconf 91' lang='lat' dir='ltr'><strong>adnu-</strong></span> 
     </span>
     <span class='ocr_line' id='line_1_28' title="bbox 156 3336 1205 3421; baseline 0.004 -17"><span class='ocrx_word' id='word_1_175' title='bbox 156 3337 367 3404; x_wconf 91' lang='lat' dir='ltr'><strong>merandum</strong></span> <span class='ocrx_word' id='word_1_176' title='bbox 389 3336 472 3406; x_wconf 89' lang='lat' dir='ltr'><strong>hinc</strong></span> <span class='ocrx_word' id='word_1_177' title='bbox 495 3338 630 3407; x_wconf 89' lang='lat' dir='ltr'><strong>miseris</strong></span> <span class='ocrx_word' id='word_1_178' title='bbox 654 3338 870 3421; x_wconf 82' lang='lat' dir='ltr'><strong>mortalibus,</strong></span> <span class='ocrx_word' id='word_1_179' title='bbox 888 3339 986 3409; x_wconf 91' lang='lat' dir='ltr'><strong>illinc</strong></span> <span class='ocrx_word' id='word_1_180' title='bbox 1009 3340 1205 3409; x_wconf 87' lang='lat' dir='ltr'><strong>coelestium</strong></span> 
     </span>
     <span class='ocr_line' id='line_1_29' title="bbox 155 3446 1206 3522; baseline 0.006 -6"><span class='ocrx_word' id='word_1_181' title='bbox 155 3446 276 3518; x_wconf 87' lang='lat' dir='ltr'><strong>liberis</strong></span> <span class='ocrx_word' id='word_1_182' title='bbox 296 3459 334 3518; x_wconf 89' lang='lat' dir='ltr'><strong>ct</strong></span> <span class='ocrx_word' id='word_1_183' title='bbox 357 3450 528 3520; x_wconf 87' lang='lat' dir='ltr'><strong>alumnis:</strong></span> <span class='ocrx_word' id='word_1_184' title='bbox 555 3460 597 3520; x_wconf 89' lang='lat' dir='ltr'><strong>ut</strong></span> <span class='ocrx_word' id='word_1_185' title='bbox 621 3473 665 3520; x_wconf 88' lang='lat' dir='ltr'><strong>ex</strong></span> <span class='ocrx_word' id='word_1_186' title='bbox 691 3476 762 3521; x_wconf 92' lang='lat' dir='ltr'><strong>uno</strong></span> <span class='ocrx_word' id='word_1_187' title='bbox 780 3453 848 3522; x_wconf 90' lang='lat' dir='ltr'><strong>hoc</strong></span> <span class='ocrx_word' id='word_1_188' title='bbox 866 3453 942 3522; x_wconf 91' lang='lat' dir='ltr'><strong>loco</strong></span> <span class='ocrx_word' id='word_1_189' title='bbox 961 3460 1077 3522; x_wconf 89' lang='lat' dir='ltr'><strong>totum</strong></span> <span class='ocrx_word' id='word_1_190' title='bbox 1095 3453 1206 3522; x_wconf 88' lang='lat' dir='ltr'><strong>ferme</strong></span> 
     </span>
    </p>
   </div>
   <div class='ocr_carea' id='block_1_5' title="bbox 154 3565 700 3658">
    <p class='ocr_par' dir='ltr' id='par_1_12' title="bbox 154 3565 700 3658">
     <span class='ocr_line' id='line_1_30' title="bbox 154 3565 700 3658; baseline 0.002 -22"><span class='ocrx_word' id='word_1_191' title='bbox 154 3567 267 3658; x_wconf 89' lang='lat' dir='ltr'><strong>possis</strong></span> <span class='ocrx_word' id='word_1_192' title='bbox 284 3566 494 3636; x_wconf 87' lang='lat' dir='ltr'><strong>adumbrare</strong></span> <span class='ocrx_word' id='word_1_193' title='bbox 511 3565 700 3637; x_wconf 80' lang='lat' dir='ltr'><strong>Achillem.</strong></span> 
     </span>
    </p>
   </div>
   <div class='ocr_carea' id='block_1_6' title="bbox 291 3698 1045 4291">
    <p class='ocr_par' dir='ltr' id='par_1_13' title="bbox 295 3698 955 3772">
     <span class='ocr_line' id='line_1_31' title="bbox 295 3698 955 3772; baseline 0.008 -19"><span class='ocrx_word' id='word_1_194' title='bbox 295 3699 346 3754; x_wconf 78' lang='grc' dir='ltr'><strong>ἔνθ</strong></span> <span class='ocrx_word' id='word_1_195' title='bbox 359 3698 412 3755; x_wconf 78' lang='grc' dir='ltr'>αὕτ’</span> <span class='ocrx_word' id='word_1_196' title='bbox 425 3700 485 3754; x_wconf 78' lang='grc' dir='ltr'>ἀλλ’</span> <span class='ocrx_word' id='word_1_197' title='bbox 499 3702 590 3769; x_wconf 85' lang='grc' dir='ltr'>ε’νόησε</span> <span class='ocrx_word' id='word_1_198' title='bbox 602 3701 731 3772; x_wconf 81' lang='grc' dir='ltr'>ποδάρκης</span> <span class='ocrx_word' id='word_1_199' title='bbox 743 3703 797 3758; x_wconf 87' lang='grc' dir='ltr'>δῖος</span> <span class='ocrx_word' id='word_1_200' title='bbox 808 3701 955 3772; x_wconf 82' lang='grc' dir='ltr'>Ἀχιλλεύς·</span> 
     </span>
    </p>

    <p class='ocr_par' dir='ltr' id='par_1_14' title="bbox 297 3786 974 3860">
     <span class='ocr_line' id='line_1_32' title="bbox 297 3786 974 3860; baseline 0.004 -20"><span class='ocrx_word' id='word_1_201' title='bbox 297 3787 364 3842; x_wconf 83' lang='grc' dir='ltr'>στὰς</span> <span class='ocrx_word' id='word_1_202' title='bbox 375 3786 500 3842; x_wconf 78' lang='grc' dir='ltr'>ἀπάνευθε</span> <span class='ocrx_word' id='word_1_203' title='bbox 512 3791 594 3857; x_wconf 79' lang='grc' dir='ltr'>πυρῆς</span> <span class='ocrx_word' id='word_1_204' title='bbox 605 3788 700 3858; x_wconf 75' lang='grc' dir='ltr'>ξανθὴν</span> <span class='ocrx_word' id='word_1_205' title='bbox 712 3789 863 3860; x_wconf 79' lang='grc' dir='ltr'>ἀπεκείρατο</span> <span class='ocrx_word' id='word_1_206' title='bbox 874 3789 974 3860; x_wconf 74' lang='grc' dir='ltr'>χαίτην,</span> 
     </span>
    </p>

    <p class='ocr_par' dir='ltr' id='par_1_15' title="bbox 296 3872 933 3947">
     <span class='ocr_line' id='line_1_33' title="bbox 296 3872 933 3947; baseline 0.006 -21"><span class='ocrx_word' id='word_1_207' title='bbox 296 3872 343 3940; x_wconf 76' lang='grc' dir='ltr'><strong>τήν</strong></span> <span class='ocrx_word' id='word_1_208' title='bbox 354 3873 387 3944; x_wconf 85' lang='grc' dir='ltr'><strong>ῥα</strong></span> <span class='ocrx_word' id='word_1_209' title='bbox 399 3877 529 3946; x_wconf 78' lang='grc' dir='ltr'>Σπερχειῷ</span> <span class='ocrx_word' id='word_1_210' title='bbox 542 3879 651 3947; x_wconf 77' lang='grc' dir='ltr'>ποταμῷ</span> <span class='ocrx_word' id='word_1_211' title='bbox 665 3875 746 3946; x_wconf 81' lang='grc' dir='ltr'>τρέφε</span> <span class='ocrx_word' id='word_1_212' title='bbox 758 3876 933 3944; x_wconf 76' lang='grc' dir='ltr'>τηλεθόωσαν·</span> 
     </span>
    </p>

    <p class='ocr_par' dir='ltr' id='par_1_16' title="bbox 294 3956 995 4118">
     <span class='ocr_line' id='line_1_34' title="bbox 294 3956 951 4031; baseline 0.008 -20"><span class='ocrx_word' id='word_1_213' title='bbox 294 3958 413 4030; x_wconf 69' lang='grc' dir='ltr'>ὀχθήσας</span> <span class='ocrx_word' id='word_1_214' title='bbox 424 3959 447 4013; x_wconf 67' lang='grc' dir='ltr'><strong>δ’</strong></span> <span class='ocrx_word' id='word_1_215' title='bbox 459 3959 509 4031; x_wconf 75' lang='grc' dir='ltr'><strong>ὅρα</strong></span> <span class='ocrx_word' id='word_1_216' title='bbox 521 3956 598 4024; x_wconf 85' lang='grc' dir='ltr'>εἶπεν,</span> <span class='ocrx_word' id='word_1_217' title='bbox 609 3959 672 4016; x_wconf 80' lang='grc' dir='ltr'>’ίδων</span> <span class='ocrx_word' id='word_1_218' title='bbox 684 3962 726 4015; x_wconf 79' lang='grc' dir='ltr'><strong>ἐπὶ</strong></span> <span class='ocrx_word' id='word_1_219' title='bbox 739 3961 829 4016; x_wconf 75' lang='grc' dir='ltr'>οἴνοπα</span> <span class='ocrx_word' id='word_1_220' title='bbox 840 3965 951 4024; x_wconf 82' lang='grc' dir='ltr'>πόντον;</span> 
     </span>
     <span class='ocr_line' id='line_1_35' title="bbox 331 4044 995 4118; baseline 0.008 -21"><span class='ocrx_word' id='word_1_221' title='bbox 331 4044 457 4116; x_wconf 67' lang='grc' dir='ltr'>Σπερχεί’,</span> <span class='ocrx_word' id='word_1_222' title='bbox 470 4046 558 4103; x_wconf 72' lang='grc' dir='ltr'>ἄλλως</span> <span class='ocrx_word' id='word_1_223' title='bbox 570 4047 616 4100; x_wconf 89' lang='grc' dir='ltr'><strong>σοί</strong></span> <span class='ocrx_word' id='word_1_224' title='bbox 626 4068 656 4117; x_wconf 86' lang='grc' dir='ltr'><strong>γε</strong></span> <span class='ocrx_word' id='word_1_225' title='bbox 668 4048 752 4117; x_wconf 84' lang='grc' dir='ltr'>πατὴρ</span> <span class='ocrx_word' id='word_1_226' title='bbox 765 4045 881 4118; x_wconf 74' lang='grc' dir='ltr'>ἠρήσατο</span> <span class='ocrx_word' id='word_1_227' title='bbox 893 4048 995 4116; x_wconf 71' lang='grc' dir='ltr'>Πηλεὺς</span> 
     </span>
    </p>

    <p class='ocr_par' dir='ltr' id='par_1_17' title="bbox 295 4130 937 4205">
     <span class='ocr_line' id='line_1_36' title="bbox 295 4130 937 4205; baseline 0.009 -23"><span class='ocrx_word' id='word_1_228' title='bbox 295 4130 369 4184; x_wconf 81' lang='grc' dir='ltr'>κεῖσέ</span> <span class='ocrx_word' id='word_1_229' title='bbox 379 4153 412 4199; x_wconf 90' lang='grc' dir='ltr'><strong>με</strong></span> <span class='ocrx_word' id='word_1_230' title='bbox 424 4130 588 4200; x_wconf 73' lang='grc' dir='ltr'>νοστήσαντα</span> <span class='ocrx_word' id='word_1_231' title='bbox 600 4133 682 4201; x_wconf 82' lang='grc' dir='ltr'>φίλην</span> <span class='ocrx_word' id='word_1_232' title='bbox 694 4134 720 4189; x_wconf 79' lang='grc' dir='ltr'>ἐς</span> <span class='ocrx_word' id='word_1_233' title='bbox 731 4134 843 4203; x_wconf 85' lang='grc' dir='ltr'>πατρίδα</span> <span class='ocrx_word' id='word_1_234' title='bbox 854 4137 937 4205; x_wconf 84' lang='grc' dir='ltr'>γαῖαν,</span> 
     </span>
    </p>

    <p class='ocr_par' dir='ltr' id='par_1_18' title="bbox 291 4217 1045 4291">
     <span class='ocr_line' id='line_1_37' title="bbox 291 4217 1045 4291; baseline 0.008 -21"><span class='ocrx_word' id='word_1_235' title='bbox 291 4218 339 4271; x_wconf 91' lang='grc' dir='ltr'><strong>σοί</strong></span> <span class='ocrx_word' id='word_1_236' title='bbox 350 4240 379 4271; x_wconf 89' lang='grc' dir='ltr'><strong>τε</strong></span> <span class='ocrx_word' id='word_1_237' title='bbox 392 4220 471 4287; x_wconf 81' lang='grc' dir='ltr'>κόμην</span> <span class='ocrx_word' id='word_1_238' title='bbox 483 4219 587 4289; x_wconf 87' lang='grc' dir='ltr'>κερέειν,</span> <span class='ocrx_word' id='word_1_239' title='bbox 599 4217 683 4289; x_wconf 85' lang='grc' dir='ltr'>ῥέξειν</span> <span class='ocrx_word' id='word_1_240' title='bbox 695 4220 717 4273; x_wconf 87' lang='grc' dir='ltr'>θ</span> <span class='ocrx_word' id='word_1_241' title='bbox 730 4218 800 4291; x_wconf 82' lang='grc' dir='ltr'>ἵερην</span> <span class='ocrx_word' id='word_1_242' title='bbox 813 4223 963 4290; x_wconf 74' lang='grc' dir='ltr'>ἑκατόμβην,</span> <span class='ocrx_word' id='word_1_243' title='bbox 984 4260 990 4275; x_wconf 82' lang='lat'><em>.</em></span> <span class='ocrx_word' id='word_1_244' title='bbox 1012 4261 1017 4274; x_wconf 91' lang='lat'>.</span> <span class='ocrx_word' id='word_1_245' title='bbox 1038 4261 1045 4276; x_wconf 83' lang='lat'><strong>.</strong></span> 
     </span>
    </p>
   </div>
   <div class='ocr_carea' id='block_1_7' title="bbox 293 4336 1059 4412">
    <p class='ocr_par' dir='ltr' id='par_1_19' title="bbox 293 4336 1059 4412">
     <span class='ocr_line' id='line_1_38' title="bbox 293 4336 1059 4412; baseline 0.007 -23"><span class='ocrx_word' id='word_1_246' title='bbox 293 4344 309 4372; x_wconf 68' lang='grc' dir='ltr'>ε</span> <span class='ocrx_word' id='word_1_247' title='bbox 327 4336 360 4390; x_wconf 91' lang='lat' dir='ltr'><strong>n.</strong></span> <span class='ocrx_word' id='word_1_248' title='bbox 372 4336 408 4391; x_wconf 78' lang='lat' dir='ltr'><strong>ix.</strong></span> <span class='ocrx_word' id='word_1_249' title='bbox 424 4337 483 4391; x_wconf 71' lang='grc' dir='ltr'>ιιι.</span> <span class='ocrx_word' id='word_1_250' title='bbox 620 4339 635 4376; x_wconf 70' lang='lat' dir='ltr'>b</span> <span class='ocrx_word' id='word_1_251' title='bbox 653 4340 670 4392; x_wconf 84' lang='lat' dir='ltr'><strong>i.</strong></span> <span class='ocrx_word' id='word_1_252' title='bbox 685 4340 745 4409; x_wconf 80' lang='lat'>358.</span> <span class='ocrx_word' id='word_1_253' title='bbox 881 4350 895 4377; x_wconf 71' lang='lat' dir='ltr'><strong>e</strong></span> <span class='ocrx_word' id='word_1_254' title='bbox 913 4341 985 4394; x_wconf 62' lang='grc' dir='ltr'><strong>καὶ.</strong></span> <span class='ocrx_word' id='word_1_255' title='bbox 1002 4341 1059 4412; x_wconf 88' lang='lat'>198.</span> 
     </span>
    </p>
   </div>
   <div class='ocr_carea' id='block_1_8' title="bbox 0 0 1374 4866">
    <p class='ocr_par' dir='ltr' id='par_1_20' title="bbox 0 0 1374 4866">
     <span class='ocr_line' id='line_1_39' title="bbox 0 0 1374 4866; baseline 0 0"><span class='ocrx_word' id='word_1_256' title='bbox 0 0 1374 4866; x_wconf 95' lang='lat' dir='ltr'><strong> </strong></span> 
     </span>
    </p>
   </div>
  </div>
 </body>
</html>
