2738 4866
156 303 221 370 876
379 302 974 389 cmmdraeparmoqoldciltcalt:
1039 324 1204 368 annum

157 473 289 544 nedum
312 471 540 555 mitescentis,
558 471 609 542 ita
633 471 828 562 comparari
854 471 1016 554 arbitror,
1038 478 1081 541 ut
1104 471 1142 541 in
1164 494 1206 542 ea

156 595 278 659 cernat
303 586 429 679 aliquis
452 587 536 679 quid
562 588 600 657 in
623 588 719 658 duris
749 586 858 656 etiam
884 594 922 657 et
948 587 1067 677 impiis
1093 588 1204 680 possit

157 704 264 774 timor
279 704 406 774 insitus
420 701 591 773 Deorum.

208 818 289 902 Quo
306 818 419 912 magis
431 815 599 887 credibile
616 817 673 899 sit,
684 815 888 886 Cassandrae
904 837 1091 908 personam
1104 819 1203 907 quasi

157 957 261 1027 paene
291 940 547 1005 sacrosanctam
572 931 712 1014 induci3
743 953 884 1000 neuen
910 938 1060 1015 constet,
1085 931 1207 1002 adesse

157 1058 254 1120 certe
260 1049 434 1132 Deum‚et
445 1047 542 1141 vigili
557 1046 659 1117 oculo
670 1036 901 1139 contemplari
914 1044 1120 1118 mortalium
1133 1071 1206 1119 soe-

157 1161 241 1242 lara,
259 1165 326 1233 etsi
349 1162 552 1233 hominibus
576 1161 671 1232 male
687 1161 820 1231 feriatis
842 1183 905 1253 per
929 1162 1044 1231 otium
1065 1161 1140 1232 fere
1165 1185 1205 1232 ac

157 1277 349 1349 ludibrium
367 1279 550 1349 nobiscum
567 1300 672 1371 agere
689 1278 860 1347 videatur.
900 1276 953 1346 Ea
970 1277 1141 1347 nimirum
1153 1279 1205 1348 vis

157 1401 213 1464 est
229 1393 426 1485 prophetici
444 1392 617 1474 carminis,
629 1391 739 1463 dilato
755 1392 794 1462 in
810 1391 1043 1485 longinquum
1061 1401 1204 1476 eventu,

157 1519 199 1578 nt
216 1517 376 1578 servetur
391 1509 534 1579 interim
551 1509 722 1577 memoria
738 1508 922 1599 praesentis
935 1507 1016 1587 Dei,
1027 1531 1074 1578 ne
1090 1507 1205 1578 homi·

157 1646 221 1694 nes
233 1625 270 1692 in
282 1619 429 1715 Epicuri
446 1623 663 1694 dementiam
680 1624 820 1693 abeant.
855 1622 1032 1706 Quoniam
1046 1624 1157 1717 igitur
1167 1626 1204 1695 in

157 1739 271 1810 scelus
286 1739 544 1809 atrocissimum
558 1739 771 1809 demissurus
788 1745 865 1808 erat
882 1737 993 1808 aulaea
1008 1738 1202 1832 AEschylus‚

157 1855 281 1946 utique
298 1853 532 1945 suspendendi
550 1863 652 1923 erant
669 1855 787 1936 animi,
800 1863 837 1924 et
852 1877 914 1946 spe
928 1862 1085 1924 venturae
1097 1854 1204 1925 ultio·

156 1971 211 2040 nis
227 1978 409 2060 utcunque
428 1969 630 2053 reficiendi;
655 1970 690 2039 id
709 1969 803 2062 quod
821 1970 993 2039 eximium
1014 1968 1121 2061 plane
1142 1970 1204 2040 ba-

156 2085 220 2155 bet
235 2085 400 2155 introitus
414 2083 640 2165 Cassandrae3
666 2106 737 2152 non
755 2083 862 2152 modo
878 2092 1022 2176 propter
1039 2107 1204 2177 expressa

157 2203 272 2272 verbis
289 2202 464 2284 vaticinia,
482 2202 543 2272 sed
569 2200 684 2270 multo
700 2201 813 2294 magis
835 2202 881 2271 ob
898 2203 1101 2271 universum
1127 2225 1205 2295 per·

156 2340 250 2388 sonae
279 2319 355 2409 ejus
384 2328 422 2388 et
451 2316 579 2387 indolis
608 2315 772 2398 colorem,
803 2316 912 2398 tacite
942 2316 1203 2408 quodammodo

157 2433 351 2516 clamantis,
369 2454 503 2504 anessa
520 2432 646 2502 Deum.

207 2549 303 2632 Quid
320 2549 439 2631 velim,
457 2546 630 2639 exemplis
648 2548 805 2616 doceam.
858 2546 988 2628 Primo,
1006 2548 1043 2616 in
1061 2571 1202 2618 scenam

157 2665 368 2758 ingredienti
398 2665 560 2744 occurrit,
589 2664 641 2732 uti
672 2663 892 2744 meministis,
920 2663 1202 2755 Clytaemnestra,

134 2805 235 2872 'quae
259 2781 387 2849 Jovem
413 2779 623 2870 hospitalem
648 2779 733 2847 satis
758 2778 883 2869 frigide
910 2778 1075 2869 appellat,
1097 2787 1203 2871 atque

157 2897 265 2967 etiam
295 2896 470 2987 captivam
496 2895 625 2963 invitat
654 2895 691 2962 in
721 2893 994 2963 domesticorum
1025 2914 1204 2964 sacrorum

156 3019 341 3104 partomi:

368 3135 431 3191 εἴσω
441 3137 544 3205 κομίζου
557 3136 599 3189 καί
611 3159 654 3198 συ,
668 3135 821 3205 Κασάνδραν
832 3135 910 3207 λέγω·

367 3222 424 3276 ε’πεί
435 3221 461 3276 σ’
474 3222 547 3289 ἔθηκε
560 3222 621 3278 Ζεὺς
633 3221 759 3291 ἀμηνίτως
770 3223 860 3291 δόμοις
926 3269 934 3277 .

368 3310 487 3362 κοινωνὸν
499 3304 561 3362 εἶναι
573 3309 710 3378 χερνίβων,
723 3312 830 3363 πολλῶν
841 3308 906 3377 μέτα

367 3396 475 3458 toalea,
488 3395 630 3449 σταθεῖσαν
642 3395 749 3462 κτησίου
759 3397 850 3464 βωμοῦ
861 3395 952 3450 πέλας.

158 3519 253 3602 Quid
271 3542 316 3587 ex
334 3517 444 3587 altera
467 3526 568 3608 parte
586 3517 799 3587 Cassandra?
828 3517 1016 3608 Principio,
1034 3526 1203 3587 manente

158 3634 437 3727 Clytaemnestra,
454 3633 566 3703 altum
585 3632 784 3702 silentium:
811 3641 978 3724 tanquam
996 3655 1039 3702 ea
1061 3654 1203 3723 prorsus

158 3750 249 3819 foret
272 3750 416 3842 indigna
438 3772 515 3840 quae
541 3747 619 3816 oaeli
642 3749 872 3840 interpretem
898 3745 955 3816 vel
980 3769 1064 3817 aure
1091 3745 1203 3816 semel

158 3865 305 3933 audiret.
357 3865 506 3944 Deinde,
534 3865 632 3955 quasi
658 3862 733 3933 sola
760 3885 840 3933 cnm
866 3863 946 3932 Deo
976 3886 1039 3932 suo
1068 3863 1204 3945 relicta,

158 3979 277 4049 fractis
303 3980 408 4049 modo
433 3980 595 4050 bacchari
614 3979 779 4062 vocibus3
807 3987 884 4048 tum
908 3978 1093 4070 paullatim
1117 3979 1205 4049 allo·

158 4104 326 4184 quentem
344 4095 500 4165 Chorum
526 4097 673 4178 sentire3
699 4104 806 4185 atque
826 4096 887 4177 ita,
913 4104 1100 4187 postquam
1124 4119 1205 4188 per-

570 4321 584 4358 ν
602 4311 693 4379 Apum.
710 4327 786 4364 1002.
