2738 4866
155 338 251 377 runt.
266 337 308 378 rv.
354 288 519 378 Inachium
534 316 749 398 quodammodo
765 315 906 400 conybnpi
920 339 987 380 cunt
999 319 1095 380 Pocsa'.
1168 321 1209 380 43

159 483 258 564 laus;
291 485 352 551 sed
381 506 452 550 non
480 484 547 550 erit
574 505 617 550 ea
641 481 832 552 Poetarum
862 485 1012 575 propria,
1036 486 1209 574 siquidem

157 600 343 690 proverbia
367 608 449 667 sunt
476 600 671 680 audienda3
697 622 848 688 quorum
870 601 906 667 in
934 601 1113 669 communi
1139 624 1210 669 ser-

158 736 265 782 mone
281 713 469 782 statuendo
487 734 625 781 summa
642 735 780 803 semper
796 722 850 781 est
867 713 990 783 habita
1007 714 1209 784 auctoritas.

159 827 214 898 At
241 851 323 897 vero
348 827 410 896 illa
434 827 552 895 omnia
575 826 756 895 uobiscum
785 827 931 908 faciunt,
953 852 1031 897 eam
1056 828 1210 899 Poeticae

159 943 381 1033 voluptatem
403 941 652 1022 tribuentibuS‚
673 964 760 1031 quae,
784 944 849 1010 nisi
874 952 1001 1011 natura
1020 953 1209 1033 praeeunte,

159 1080 230 1125 non
258 1057 364 1125 modo
385 1057 526 1146 penitus
552 1056 670 1135 edisci,
695 1056 754 1123 sed
780 1079 825 1124 ne
849 1057 1037 1124 desiderari
1056 1058 1209 1146 quidem,

160 1193 277 1261 neque
294 1170 368 1239 ulla
385 1193 430 1238 ex
448 1177 549 1259 parte
564 1169 715 1261 intelligi
733 1171 851 1260 possit.

212 1285 343 1374 Neque
370 1306 453 1351 vero
483 1292 636 1351 nonest
664 1283 843 1364 credibile,
866 1284 938 1352 huc
964 1306 1042 1352 eam
1070 1306 1210 1373 quoque

159 1407 320 1490 spectare
354 1398 581 1480 sententiam,
616 1420 692 1486 quae
727 1397 844 1467 colore
874 1398 1026 1488 quodam
1062 1398 1211 1468 insanire

158 1535 366 1604 germanum
396 1520 514 1580 vatem
544 1510 634 1602 tingi
663 1511 824 1580 voluerit.
877 1511 1069 1594 Nimirum,
1098 1522 1139 1582 ut
1165 1514 1210 1581 ad

160 1629 314 1717 primurn
338 1627 426 1695 illud
454 1635 618 1706 revertar,
641 1649 755 1717 neque
784 1626 986 1718 flagrantior
1012 1629 1207 1696 animorum

159 1741 319 1822 affectuS,
338 1764 452 1830 neque
469 1742 499 1809 is
516 1742 576 1831 qui
595 1741 703 1808 nimia
720 1741 857 1809 laborat
874 1742 1092 1833 aegritudine,
1107 1742 1209 1810 facile

160 1855 225 1923 sibi
250 1855 416 1947 denegari
444 1855 578 1945 patitur
605 1854 714 1922 libere
742 1856 838 1943 quasi
869 1855 1041 1944 spatiandi
1070 1855 1207 1926 locum:

160 1978 403 2059 quantumque
426 1992 587 2061 auguror,
607 1970 647 2037 fit
670 1992 741 2037 non
764 1991 841 2037 raro
863 1992 926 2058 per
947 1970 1080 2038 furores
1105 1970 1209 2057 hosce

160 2083 328 2174 poeticoa
357 2091 398 2151 ut
424 2082 585 2153 homines
608 2084 654 2151 ad
676 2105 794 2151 veram
823 2083 1039 2151 dementiam
1065 2106 1110 2151 ne
1137 2085 1211 2153 adi-

159 2206 299 2288 gantur.
365 2196 491 2287 Itaque
521 2204 557 2265 et
586 2196 812 2265 Democritus
842 2197 904 2266 ille
936 2199 1048 2267 fertur
1078 2209 1210 2271 “sanos

161 2311 337 2380 Helicone
361 2310 511 2380 Poetas”
539 2311 750 2381 exclusisse:
777 2321 815 2380 et
838 2311 942 2380 Plato
971 2314 1095 2402 saepius
1119 2315 1211 2405 ejus-

159 2429 256 2495 modi
277 2427 442 2517 proponit
459 2427 585 2495 edicta.
629 2425 695 2498 “Or
715 2425 743 2494 δ’
764 2424 814 2506 dv,
836 2427 961 2517 inquit,
986 2424 1078 2494 ⁰dvev
1097 2430 1210 2509 μανίας

160 2539 306 2608 Μουσῶν
328 2541 382 2607 ἐπὶ
407 2537 576 2620 ποιητικὰς
600 2540 695 2634 θύρας
720 2540 890 2634 ἀφίκηται,
914 2541 1057 2612 πεισθεὶς
1080 2543 1119 2614 ὡς
1145 2539 1209 2636 ἄρα

159 2657 193 2723 ἐκ
210 2655 326 2748 τέχνης
343 2657 453 2728 ἱκανῶς
471 2655 606 2735 ποιητὴς
623 2653 786 2735 ἐσόμενος,
805 2654 924 2735 ἀτελὴς
942 2655 1039 2730 αὑτός
1063 2687 1102 2725 τε
1121 2658 1173 2725 καὶ
1192 2661 1209 2737 ἦ

159 2769 290 2850 ποίησις
319 2765 382 2837 ὑπὸ
413 2775 471 2848 τῆς
500 2773 565 2837 τῶν
593 2769 788 2848 μαινομένων
819 2772 836 2848 ἦ
867 2775 930 2838 τοῦ
959 2776 1210 2865 σωφρονοῦντος

158 2884 336 2979 ἠφανίσθη.
389 2882 508 2965 Quid?
543 2883 617 2974 ipse
637 2892 758 2952 vatum
771 2883 971 2976 Anglorum
987 2884 1209 2975 Coryphaeus

158 3019 277 3066 nonne
305 2998 373 3065 tria
399 2997 501 3066 nobis
529 3020 660 3089 genera
689 2998 824 3076 statuit,
855 3007 1024 3087 tanquam
1052 3000 1147 3068 inter
1172 3022 1210 3069 se

159 3120 312 3204 cognata
337 3118 374 3179 et
401 3111 549 3193 similia3
579 3114 732 3202 primum
759 3134 880 3180 eorum
902 3113 962 3201 qui
986 3122 1107 3182 mente
1128 3123 1210 3183 sunt

160 3227 268 3317 capti,
282 3226 434 3295 alterum
449 3228 654 3306 amantium,
669 3227 816 3295 tertium
828 3223 1060 3296 Poetarumdr
1090 3228 1210 3299 Nemo

160 3350 282 3410 autern
297 3341 503 3410 insanientis
516 3363 592 3409 esse
606 3342 745 3420 dixerit,
759 3363 875 3430 neque
892 3353 1091 3411 accuratam
1105 3345 1209 3413 istam

159 3455 394 3545 omnibusque
411 3456 567 3524 numeris
583 3455 779 3524 absolutam
798 3456 945 3538 μίμησιν,
959 3480 1073 3547 neque
1092 3481 1209 3528 rerum

159 3569 418 3659 verborumque
430 3568 703 3659 pulcherrimam
718 3569 814 3637 illam
829 3569 1072 3640 Harmoniam.
1113 3573 1209 3654 Quin

159 3683 360 3762 statuimus,
389 3684 506 3751 neutri
535 3683 671 3765 harum,
699 3682 905 3774 simpliciter
935 3691 972 3752 et
1000 3707 1046 3753 ex
1074 3708 1137 3753 sua
1163 3687 1207 3765 vi,

157 3799 329 3866 universae
360 3798 513 3867 Poeseos
547 3806 664 3888 partes
701 3798 786 3878 dari,
818 3800 877 3867 sed
917 3799 977 3888 qui
1011 3798 1065 3868 his
1096 3799 1208 3869 veluti

485 4015 495 4038 ⁶
509 4007 542 4060 In
556 4007 678 4060 Phaedro.
691 4016 711 4061 t.
724 4008 760 4060 iii.
776 4022 836 4076 245.
849 4007 884 4059 Α.

301 4130 311 4162 ‘¹
324 4132 405 4184 “The
419 4131 540 4195 Lunatic,
553 4132 599 4186 the
613 4132 707 4195 lover,
720 4133 772 4186 and
785 4133 830 4185 the
844 4132 917 4194 Post,

346 4216 400 4269 Are
413 4217 443 4269 of
451 4218 624 4287 imaginaticn
637 4220 672 4270 all
684 4219 835 4288 compact,’'
849 4226 898 4271 etc.

713 4304 777 4343 Mida.
787 4305 874 4352 thbt'a
887 4305 976 4342 Dream.
