2738 4866
164 365 259 406 remu.
271 365 338 406 vm.
363 343 521 420 Achillem,
537 343 653 408 colhilc's
667 344 750 424 alib,
762 345 995 430 ophodidiorcm
1001 347 1087 430 fiori,
1150 348 1214 413 lta

164 530 237 575 non
261 506 441 599 intelligit.
506 505 624 576 “Una
648 516 749 599 rapta
773 515 828 578 cst
854 508 997 591 famula,
1017 511 1214 581 redduntur

164 632 323 712 septem:
350 622 433 713 quid
452 629 519 701 est,
537 621 630 712 quod
650 623 790 692 dubites
808 647 984 714 quaerasve
1000 626 1197 719 ampliusl’'

227 737 366 809 Verum
400 738 445 806 de
475 735 587 827 Ajace
620 737 789 829 palmaria
823 748 915 821 sunt,
951 763 1033 832 quae
1066 766 1087 812 a
1119 743 1212 814 Jove

164 875 270 943 super
287 860 427 921 mortuo
446 851 610 920 Patroclo
627 860 791 943 precatur
802 863 826 896 ¹¹¹
843 878 850 924 :

306 1000 354 1050 Ζεῦ
365 993 455 1065 πάτερ,
467 994 537 1048 ἀλλὰ
549 994 584 1049 σὺ
595 993 675 1064 ῥῦσαι
686 992 728 1048 ὑπ’
741 991 815 1064 ἠέρος
827 990 882 1050 υἷας
892 994 1012 1066 Ἀχαιῶν,

306 1083 416 1150 ποίησαν
428 1080 450 1134 θ
462 1080 561 1150 αἴθρην,
575 1081 619 1135 δὸς
630 1079 653 1134 d’
665 1079 843 1149 ὀφθαλμοῖσιν
854 1080 964 1136 ἰδέσθω·

306 1169 333 1222 ἐν
345 1167 373 1221 δὲ
386 1166 447 1237 φάει
460 1167 501 1220 καὶ
513 1165 637 1229 ὄλεσσον,
650 1165 706 1219 ἐπεί
718 1164 747 1219 νύ
759 1187 798 1219 τοι
811 1167 899 1220 εὔαδεν
910 1165 998 1224 οὕτως.

165 1308 254 1379 Haec
286 1309 393 1378 toties
424 1310 611 1377 decantata
639 1315 800 1397 repetere
828 1307 935 1389 volui,
966 1311 1142 1400 quoniam,
1169 1322 1211 1382 ut

163 1432 263 1516 puto,
281 1422 341 1492 ille
359 1423 458 1492 locus
475 1423 580 1491 unice
597 1420 752 1490 declarat
769 1419 891 1513 Ajaois
911 1423 1103 1516 ingenium,
1121 1429 1209 1497 meri

163 1563 248 1610 saue
275 1539 418 1630 verique
448 1535 593 1617 militis;
627 1543 799 1604 nontam
827 1536 872 1606 de
898 1536 1045 1608 victorie
1069 1538 1210 1626 soliciti,

163 1677 270 1745 quam
293 1654 337 1722 de
359 1676 399 1722 re
423 1660 566 1721 strenue
589 1651 735 1742 agenda.
789 1649 842 1720 Ut
860 1675 930 1720 uno
951 1655 1055 1723 verbo
1074 1654 1214 1726 dicam:

163 1769 277 1860 qualis
310 1769 346 1837 in
381 1767 447 1836 hac
487 1765 668 1858 republica
706 1764 797 1834 solet
834 1766 956 1836 haberi
990 1767 1208 1859 plebeiorum

163 1885 351 1955 hominum
375 1882 521 1964 indoles,
539 1881 649 1951 talem
667 1882 790 1963 ferme,
808 1904 866 1950 me
877 1883 1009 1974 judice,
1022 1885 1127 1955 finxit
1144 1887 1209 1956 sibi

165 2000 345 2068 Homerus
359 1999 518 2090 Ajacem.

215 2115 321 2198 Quod
351 2113 380 2182 si
408 2114 485 2205 quis
513 2111 600 2181 velit
628 2112 718 2182 hanc
744 2113 845 2203 quasi
874 2112 984 2183 telam
1013 2121 1208 2204 pertexere,

161 2240 289 2323 praesto
316 2237 420 2299 erunt
443 2228 495 2297 illi
513 2228 748 2320 quamplures,
767 2227 924 2320 Ulysses,
943 2228 1086 2313 Nestor,
1102 2228 1210 2300 Anti-

161 2346 297 2428 lochus,
318 2345 509 2438 Sarpedon,
526 2344 606 2427 alii3
634 2366 783 2434 quorum
801 2344 948 2414 cuilibet
968 2346 1005 2414 in
1029 2347 1209 2415 communi

161 2462 302 2533 bellicae
315 2460 456 2530 virtutis
473 2459 659 2551 splendore
677 2468 714 2529 et
726 2460 839 2552 gloria
855 2482 939 2529 suus
952 2460 1095 2552 quidam
1112 2460 1209 2531 color

160 2580 353 2649 inducitur.
404 2575 476 2646 Sed
498 2577 711 2667 jampridem
743 2599 866 2645 vereor
895 2577 1071 2666 equidem,
1096 2601 1141 2647 ne
1170 2579 1208 2648 in

160 2718 199 2764 re
223 2716 348 2787 pamm
379 2694 527 2764 obscura
550 2693 680 2761 nimius
710 2700 748 2761 et
777 2692 948 2761 molestus
973 2693 1066 2761 fiam.
1118 2691 1209 2762 Ani-

159 2812 420 2880 madverteram
442 2815 573 2888 autem,
593 2805 785 2877 Homerica
808 2807 1008 2899 legentibus
1028 2807 1065 2876 id
1083 2809 1208 2899 saepius

160 2951 230 2997 usu
247 2927 378 3007 venire,
396 2933 437 2993 ut
454 2925 592 3016 impetu
609 2923 708 3013 quasi
726 2923 934 2992 narrationis
955 2931 992 2992 et
1015 2922 1207 2994 affectuum

161 3044 304 3113 turbine
327 3042 491 3132 abreptos
515 3039 625 3109 lateat
642 3039 847 3109 admirabile
865 3038 986 3108 Poetae
1010 3037 1207 3124 consilinm,

160 3159 339 3230 uberrime
361 3157 523 3240 varietas,
548 3155 732 3247 singularis
755 3155 852 3223 ordo.
905 3154 1024 3237 Quare
1047 3178 1120 3224 non
1145 3157 1207 3226 abs

159 3299 199 3346 re
220 3275 294 3344 fore
319 3274 499 3365 putabam,
522 3272 551 3340 si
574 3271 758 3362 juniorum
782 3271 937 3340 maxime
960 3272 1075 3364 gratia
1094 3270 1207 3342 fusius

159 3389 280 3484 paullo
302 3390 371 3458 hoo
393 3396 553 3479 tempore
574 3387 749 3468 docerem,
769 3385 928 3457 Homero
952 3387 1206 3477 utplurimum

159 3530 232 3600 prae
250 3503 360 3574 oculis
376 3505 505 3574 servari
524 3502 719 3573 Heroicum
736 3503 825 3572 illud
838 3501 990 3572 Achillis
1007 3504 1100 3584 ἧθοςε
1127 3511 1205 3572 tum

159 3628 197 3695 in
233 3622 476 3714 componenda
509 3642 627 3688 rerum
660 3619 893 3712 gerendarum
928 3620 1029 3701 serie,
1057 3627 1135 3687 tum
1169 3620 1205 3687 in

160 3738 363 3808 ordinandis
380 3736 613 3806 secundarum
630 3735 784 3826 partium
802 3735 968 3825 personis.

210 3854 294 3923 Jam
323 3853 368 3921 ad
398 3850 533 3942 reliqua
565 3850 783 3943 pergendum
818 3852 908 3919 erit:
948 3849 1060 3919 sicubi
1093 3855 1156 3916 aut
1185 3869 1205 3916 e

158 3992 277 4040 rerum
304 3976 341 4037 et
365 3967 560 4059 imaginum
587 3963 739 4045 delectu,
766 3972 828 4033 aut
856 3989 901 4034 ex
925 3965 1000 4056 ipso
1025 3961 1142 4032 colore
1168 3969 1205 4030 et

135 4167 137 4170 Α
157 4107 289 4178 genere
313 4081 462 4163 dicendi,
484 4080 686 4171 conjectura
709 4080 878 4170 quaedam,
896 4078 940 4148 (le
966 4078 1150 4148 voluntate
1168 4084 1205 4146 et

156 4199 278 4271 indole
295 4199 482 4289 Scriptoris
499 4197 576 4287 capi
595 4195 737 4286 poterit.

570 4349 593 4378 ¹¹¹
612 4341 643 4394 ll.
656 4340 719 4394 xvii.
732 4338 793 4407 645.
