2738 4866
154 327 250 366 rnna.
263 326 306 365 w.
341 301 839 386 lbetimcnicqaoedamdeLidria
849 304 955 366 Sacris
965 303 1130 387 desumpta.
1166 305 1209 366 47

156 471 244 538 dum
272 472 421 561 prodeat
451 470 593 561 aliquod
624 469 739 540 simile
770 469 943 538 carminis.
1003 469 1207 560 Extemplo,

157 589 218 677 qui
242 587 338 677 prius
356 587 436 679 vagi
454 586 683 666 fluctuabant,
703 608 866 653 curarum
889 596 927 653 et
951 586 1208 678 cogitationum

158 713 273 783 aestus,
293 702 414 770 ordine
432 702 525 779 ferri,
543 723 685 790 unoque
709 700 883 767 contineri
906 699 1028 769 alveo:
1054 723 1097 768 eo
1115 701 1209 768 trahi

157 829 221 887 aut
244 817 422 886 confluere
453 817 582 896 omnia,
609 839 688 904 quae
719 816 952 904 undequaque
983 816 1019 882 in
1050 826 1207 883 mentem

159 933 325 1000 veniant:
356 932 546 1020 quaedum
573 929 739 1020 colligere
764 929 874 1019 gestit
898 928 1098 1008 Phantasia,
1123 931 1209 997 dum

158 1053 266 1114 nocte
297 1046 425 1134 dieque
456 1051 556 1112 ornat
587 1066 628 1112 ac
659 1041 851 1132 componit,
880 1044 1009 1111 sensim
1041 1044 1105 1111 sibi
1137 1066 1211 1111 me-

159 1162 290 1228 dentur
308 1159 477 1237 homines,
496 1179 612 1246 neque
625 1165 745 1224 tamen
764 1179 801 1224 se
819 1158 948 1224 mutari
967 1156 1206 1246 indignantur.

159 1274 243 1342 Hoc
260 1274 371 1341 ferme
389 1273 471 1353 ritu,
489 1269 707 1351 Academici,
726 1270 934 1338 crediderim
952 1270 1065 1359 primo
1080 1269 1208 1340 Poesin

159 1387 373 1456 accrevisse:
410 1386 517 1456 modo
547 1406 592 1453 ne
620 1384 792 1472 expressis
821 1382 890 1450 Dei
921 1383 1069 1452 oraculis
1098 1386 1208 1473 (quod

159 1499 282 1568 multis
312 1499 461 1590 placuit)
492 1508 674 1587 acceptam
706 1498 907 1565 referamus.
971 1496 1086 1566 Nobis
1114 1521 1207 1578 vere,

159 1614 231 1679 vim
260 1614 372 1702 ipsam
398 1610 544 1680 remedii
572 1609 818 1700 quaerentibus,
843 1633 914 1678 non
938 1610 1026 1679 adeo
1052 1611 1207 1679 multum

159 1727 331 1807 intererit,
358 1734 479 1793 utrum
506 1724 644 1793 caelitus
674 1724 711 1791 id
737 1725 906 1804 delatum,
933 1733 978 1791 an
1006 1747 1071 1793 usu
1101 1725 1208 1794 fuerit

160 1841 267 1932 longo
285 1848 518 1931 compertum.

211 1957 296 2024 “At
321 1956 415 2024 enim
443 1977 542 2022 mera
569 1962 650 2022 sunt
678 1954 753 2022 haec
781 1953 963 2033 insomnia,
987 1955 1124 2043 quibus,
1149 1957 1208 2046 qui

161 2069 267 2148 volet,
286 2069 467 2160 ingeniose
490 2069 611 2150 ludet3
635 2068 776 2136 veritati
799 2075 895 2135 certe
918 2090 988 2135 non
1017 2069 1208 2137 admodum

159 2183 349 2274 proderit.’'
411 2182 528 2251 Immo
559 2205 641 2250 vero
676 2181 835 2249 nonnihil
870 2183 1038 2272 proderit,
1071 2185 1108 2263 si,
1139 2207 1227 2273 qua·

160 2299 297 2367 ratione
324 2305 424 2365 tanta
451 2319 506 2366 res
534 2305 607 2365 tam
636 2297 773 2365 levibus
799 2297 880 2364 oriri
906 2299 1062 2387 potuerit
1087 2299 1208 2381 initiis,

160 2413 380 2506 probabilem
408 2399 514 2481 modo
542 2413 782 2503 conjecturam
810 2413 936 2502 capiet.
989 2413 1083 2494 Quid
1107 2415 1145 2494 si,
1168 2422 1208 2482 ut

161 2527 198 2594 in
229 2547 267 2592 re
297 2526 456 2591 omnium
487 2523 740 2604 obscurissima,
772 2534 879 2614 atque
909 2524 1017 2593 alium
1049 2548 1147 2615 paene
1172 2524 1209 2592 in

161 2639 334 2707 mundum
349 2645 494 2716 remota,
510 2637 642 2727 aliquid
660 2637 769 2706 etiam
782 2637 906 2706 afferre
923 2661 1101 2721 conamur,
1116 2640 1209 2728 quod

162 2750 357 2822 testimonii
383 2752 429 2819 sit
456 2751 559 2819 loco?
610 2751 857 2821 Verecundius
874 2753 932 2820 hic
951 2761 987 2820 et
1004 2753 1209 2844 religiosius,

163 2868 262 2936 velut
280 2889 377 2934 sacra
394 2865 532 2945 ferenti,
550 2866 785 2934 incedendum
803 2867 890 2934 mihi
911 2869 1045 2936 sentio:
1073 2890 1212 2958 nequeo

163 2990 284 3049 tamen
302 2978 390 3047 mibi
411 2987 618 3068 temperare,
637 2979 721 3068 quin
741 2979 865 3058 dicam,
884 2981 967 3069 quid
992 2981 1028 3048 in
1052 2983 1210 3051 animum

163 3094 310 3162 venerit.
354 3091 435 3167 Viri
463 3092 557 3159 docti
587 3094 756 3173 omnium,
781 3117 860 3184 quae
886 3095 991 3164 hodie
1017 3105 1211 3178 servantur,

164 3206 444 3277 vetustissimum
478 3227 554 3273 esse
593 3229 733 3275 carmen
762 3208 926 3298 judicant
961 3209 1130 3278 Lamechi
1166 3211 1211 3278 ad

163 3343 293 3390 uxores
320 3313 499 3388 effatum‘:
531 3320 631 3409 cujus
660 3321 744 3419 lieet
767 3322 949 3413 ignoretur
978 3326 1123 3403 occasio,
1149 3347 1214 3414 per

163 3437 240 3527 ipsa
256 3435 365 3502 verba
389 3435 473 3502 satis
498 3435 685 3516 indicatur,
704 3437 919 3526 conscientia
945 3439 1051 3506 caedis
1076 3439 1214 3526 inquie-

165 3559 243 3618 tum
278 3556 316 3615 et
351 3570 492 3638 aegrum,
527 3549 612 3636 quid
647 3549 781 3631 fecerit,
817 3550 974 3618 versibus
1007 3552 1212 3619 mandasse:

165 3662 339 3752 siquidem
361 3684 480 3729 versus
503 3671 585 3729 sunt
610 3664 759 3740 dicendi,
779 3663 905 3752 quibus
923 3663 1071 3733 Hebraei
1089 3664 1213 3732 verbo·

164 3755 241 3844 rum
275 3774 579 3864 complexionibus
607 3783 768 3843 utuntur.
825 3776 961 3866 Itaque,
990 3777 1049 3865 qui
1080 3778 1214 3866 primus

164 3889 349 3957 hominum
380 3889 592 3956 carminibus
624 3911 766 3978 operam
796 3912 940 3959 navasse
970 3890 1090 3969 fertur,
1117 3892 1214 3972 fecit,

165 4013 207 4083 ut
234 4003 385 4079 videtur,
412 4023 542 4092 angore
568 4002 685 4081 animi,
712 4005 859 4072 remedii
887 4012 924 4072 et
952 4003 1067 4073 solatii
1098 4029 1213 4074 causa.

181 4175 212 4299 df
228 4176 327 4298 (ὶὲυοε.
346 4177 382 4228 iv.
403 4193 445 4245 23.
465 4177 519 4230 vid.
533 4177 628 4230 lcwth
648 4177 681 4230 de
702 4176 774 4232 Sacr.
796 4178 872 4231 Poes.
894 4178 965 4232 Heb.
987 4180 1064 4233 Prael.
1081 4200 1106 4246 4.
1126 4180 1216 4251 p.‘50.

165 4264 180 4299 e
201 4260 252 4316 ·17
272 4262 298 4314 3.
