2738 4866
162 331 227 396 164
338 333 438 411 Quare
452 332 735 416 Ηουιοιόοαρυονίς
749 331 1031 416 ουιύιιιρῑοοοαιιυε
1078 351 1213 392 panax.

165 507 254 577 tidie
288 505 399 576 oculis
434 513 584 575 cernunt
621 513 696 575 tam
730 504 888 596 perfecte
922 502 1100 595 planeque
1134 525 1212 572 oon·

163 623 304 691 sentire.

211 737 418 820 Quinetiam
437 737 522 826 (quo
539 735 626 804 nihil
651 736 687 803 in
711 734 778 807 hoo
802 757 932 826 genere
949 733 1104 823 dulcius)
1123 733 1212 822 ejus-

160 852 257 921 modi
283 860 337 922 est
365 851 513 921 Homeri
534 851 665 932 Poesis,
684 850 713 920 si
739 850 845 918 modo
871 872 935 918 nos
961 848 1112 917 formam
1139 847 1211 937 ejus

160 990 231 1036 non
258 969 403 1037 omnino
433 968 716 1037 commentitiam
744 965 918 1056 ponimus,
949 987 1028 1056 quoe
1057 962 1210 1031 maxime

160 1083 321 1150 omnium
346 1089 569 1151 commoveat
595 1083 731 1150 animos
751 1077 942 1173 puerilium
969 1100 1140 1148 οιιιιονιιυι
1160 1098 1209 1144 re-

160 1195 367 1267 cordatione.
405 1196 597 1266 Enimvero
615 1218 738 1265 omnes
756 1196 840 1276 fere,
859 1195 943 1264 dum
961 1195 1063 1285 pueri
1082 1213 1208 1271 sumus

159 1313 352 1382 maximam
383 1320 521 1404 partem
556 1312 622 1382 sub
650 1312 708 1380 dio
739 1312 909 1393 vivimus3
946 1332 1029 1380 cnm
1061 1309 1207 1387 famulis,

159 1448 242 1495 cum
285 1429 460 1519 operariis,
497 1451 580 1496 cum
622 1428 782 1497 tunicato
825 1425 966 1518 popello
1005 1446 1206 1504 versamur;

160 1564 266 1632 opera
294 1566 417 1612 eorum
451 1552 489 1612 et
524 1542 660 1613 labores
694 1565 776 1613 cum
807 1542 991 1632 voluptate
1018 1541 1130 1610 defixi
1160 1541 1207 1607 in-

160 1664 314 1727 tuemur.
367 1658 559 1749 Postquam
587 1667 708 1728 autem
734 1657 855 1741 semel,
872 1658 973 1726 annis
998 1655 1205 1735 labentibus.

159 1771 203 1839 ad
222 1771 386 1843 stabilem
405 1775 487 1844 vitae
504 1783 663 1844 tenorem
683 1782 721 1843 et
745 1775 790 1843 ad
807 1775 977 1866 ingenuas
993 1781 1090 1842 artes
1108 1773 1206 1841 deve

161 1888 288 1969 nimus,
331 1888 517 1978 paullatim
562 1890 723 1981 refugere
763 1889 929 1957 discimus
972 1888 1204 1957 rusticitatem

158 2000 267 2083 illam,
297 2004 396 2093 quasi
430 2004 617 2073 barbarum
648 2005 816 2094 quiddam
847 2012 884 2071 et
918 2002 1116 2073 insulsum:
1159 2005 1204 2071 ita

158 2128 279 2187 tamen
305 2127 346 2187 ut
370 2118 528 2210 puerilia,
555 2143 635 2190 cum
663 2120 836 2188 desiderio
864 2141 932 2187 non
964 2118 1046 2199 levi,
1073 2141 1205 2210 respec-

158 2242 285 2316 tantes,
303 2242 344 2303 ut
362 2234 501 2315 dicitur,
521 2235 730 2326 linquamus.

209 2347 291 2431 Quo
308 2349 350 2418 fit
375 2358 417 2418 ut
443 2352 552 2419 etiam
576 2358 681 2420 aetate
703 2356 887 2441 provectos
904 2349 1063 2417 maxime
1081 2349 1204 2438 juvent

158 2486 201 2532 ea
226 2466 389 2544 carmina
416 2473 552 2546 cantus,
575 2464 722 2546 fabellae,
748 2487 826 2554 quae
851 2464 983 2553 absque
1010 2465 1203 2534 rusticitate

158 2580 382 2662 rusticamur,
413 2581 547 2672 absque
577 2581 741 2651 molestia
770 2578 948 2672 plebeium
984 2579 1141 2670 aliquod,
1170 2589 1201 2648 et

158 2695 369 2776 inamatum
396 2706 433 2765 et
459 2707 599 2790 agreste
627 2699 773 2789 sapiant.
831 2695 888 2765 Ita
912 2695 1081 2764 nimirum
1106 2698 1202 2788 juve-

157 2809 247 2878 niles
285 2791 351 2879 sibi
387 2812 535 2902 quisque
569 2812 666 2882 lusus
705 2813 887 2901 otiumque
926 2811 1133 2881 suavissime
1170 2812 1199 2878 in

157 2926 292 2994 animos
309 2929 464 2997 revocari
482 2930 641 2997 sentiunt
658 2928 830 2996 homines.

207 3039 447 3123 Quamobrem
462 3067 528 3134 ego
545 3044 693 3112 minime
710 3043 836 3135 frigere
854 3043 1057 3123 concedam,
1075 3065 1122 3111 ne
1146 3064 1200 3111 sae-

156 3157 234 3247 pins
256 3158 398 3247 quidem
423 3160 584 3248 repetita,
603 3160 730 3249 quibus
753 3157 931 3227 Homerus
953 3181 991 3226 se
1012 3159 1197 3227 admodum

159 3272 324 3353 delectat,
348 3275 391 3342 de
417 3274 576 3354 navium,
600 3296 789 3353 armorum,
812 3273 974 3366 bigarum
995 3273 1138 3354 fabrica,
1159 3273 1198 3340 de

156 3409 256 3457 coena
283 3390 446 3480 paranda,
476 3391 520 3458 de
548 3387 653 3459 mulis
681 3390 747 3458 sub
775 3388 931 3480 plaustro
960 3388 1092 3458 Priami
1121 3389 1198 3479 jun-

155 3506 288 3597 gendis,
307 3506 351 3574 de
369 3506 543 3575 caedendis
560 3507 596 3573 in
615 3505 680 3574 Ida
697 3501 847 3596 lignisl:

295 3669 320 3720 ol
332 3665 354 3720 δ’
366 3666 435 3731 ἴσον,
448 3669 589 3738 ὑλοτόμους
600 3667 722 3724 πελέκεας
734 3668 762 3720 ε’ν
772 3669 866 3738 χερσὶν
877 3668 988 3738 ἔχοντες,

296 3756 385 3823 σειράς
396 3753 418 3808 τ’
432 3756 594 3810 εὐπλέκτους·
614 3756 665 3824 πρδ
678 3753 700 3808 δ’
714 3753 752 3824 ἄρ’
766 3756 856 3824 οὐρῆες
867 3755 922 3807 κίον
933 3754 1024 3808 αὐτῶν·

294 3840 383 3893 πολλὰ
395 3838 418 3892 δ’
431 3839 532 3903 άναντα,
545 3841 663 3902 κάταντα,
675 3842 791 3908 πάραντά
802 3863 840 3904 τε,
853 3841 946 3911 δόχμιά
959 3839 980 3895 τ’
992 3839 1084 3908 ἦλθον·

295 3925 354 3978 ἀλλ’
368 3925 411 3979 ὅτε
424 3925 454 3993 δὴ
467 3925 575 3994 κνημοὺς
586 3925 720 3995 προσέβαν
732 3923 992 3994 πολιητίδακοςἼδης,

297 4012 376 4067 αὕτικ’
390 4011 438 4081 άρα
451 4013 512 4082 δρῦς
524 4013 670 4083 ὑψικόμους
681 4012 800 4081 ταναήκεϊ
810 4015 900 4084 χαλκῷ

295 4101 389 4168 τάμνον
402 4100 570 4170 ἐπειγόμενοι·
589 4102 631 4153 ταὶ
644 4100 672 4153 δὲ
685 4102 787 4170 μεγάλα
798 4098 953 4153 κτυπέουσαι

296 4187 397 4240 πῖπτον
417 4187 463 4241 τὰς
474 4187 522 4255 μὲν
533 4187 620 4240 ἔπειτα
633 4186 841 4255 διαπλήσσοντες
852 4185 954 4257 Ἀχαιοί

563 4353 578 4390 ¹¹
597 4356 628 4409 ll.
642 4356 714 4408 xxiii.
731 4373 789 4421 114.
