2738 4866
155 328 333 374 ranuvru.
403 309 504 389 Qnorc
517 310 626 372 ισοιὶιι
639 310 674 373 ιἰι
684 309 825 373 Hectoris
837 308 979 373 οαᾶοοιτ.
1145 307 1209 376 119
1301 307 1312 328 ‘

300 476 398 547 τύμβον
409 477 432 533 δ
445 479 475 532 ού
487 479 558 548 quma
568 479 671 533 πολλὸν
683 478 734 550 ε’γῶ
746 478 886 533 πονεέσθαι
897 479 992 549 ἄνωγα,

300 563 359 617 ἀλλ’
372 564 482 618 ε’πιείκεα
494 568 571 620 τοῖον·
590 565 678 619 ἔπειτα
690 564 719 618 δὲ
731 565 772 618 καὶ
784 567 830 620 τὸν
841 564 943 636 Ἀχαιοί

301 647 376 719 εὐρύν
388 647 410 703 θ
423 649 529 720 ὑψηλόν
540 673 568 705 τε
580 649 719 720 τιθήμεναι,
732 649 759 704 οῗ
769 672 812 705 κεν
823 650 893 720 ε’μεῖο

302 734 417 806 δεύτεροι
429 736 456 790 ἒν
468 734 561 804 νήεσσι
572 734 731 804 πολυκλήισι
742 735 866 804 λίπησθε.

210 853 399 934 Praeterea,
423 857 522 927 nulla
550 881 619 927 vox
649 881 697 928 ne
725 858 865 952 lugenti
890 858 1035 949 quidem
1064 856 1211 941 excidit,

158 992 237 1060 qnae
258 971 352 1056 forti,
375 996 574 1066 magnoque
600 975 719 1044 animo
742 975 788 1044 sit
813 975 978 1067 indigna:
1004 972 1067 1042 sed
1088 979 1210 1041 tamen

157 1083 248 1152 nihil
277 1107 321 1154 ea
349 1088 608 1179 tranquillitate
642 1089 812 1159 acerbius.
877 1086 1063 1180 Intelligas
1093 1084 1211 1176 plane,

158 1200 351 1270 vivendum
378 1201 411 1272 ei
437 1203 585 1294 posthac
607 1203 645 1270 in
668 1202 789 1285 luctu3
815 1209 1032 1272 nouantem
1058 1200 1211 1270 delicato

160 1312 224 1382 illo
250 1338 295 1384 ac
317 1315 492 1400 muliebri,
517 1341 632 1408 neque
650 1319 710 1409 qui
732 1319 929 1386 communis
949 1316 1035 1385 vitae
1057 1313 1214 1382 muneri-

159 1429 228 1498 bns
256 1431 397 1501 officiat.
468 1433 563 1517 Quin
599 1433 696 1502 omni
731 1432 897 1502 ludorum
931 1431 1082 1502 decursu
1112 1429 1214 1498 adest

158 1547 292 1629 animo,
309 1556 453 1638 paratus
476 1559 753 1641 promptusque3
779 1559 858 1618 tum
882 1550 1038 1629 demum,
1056 1545 1157 1615 velut
1175 1547 1213 1614 in

160 1664 402 1754 praescriptum
429 1663 596 1744 officium,
614 1687 652 1733 se
678 1665 716 1733 in
741 1686 928 1734 moerorem
953 1672 1061 1754 atque
1086 1662 1124 1730 in
1150 1683 1212 1753 ge-

161 1779 272 1847 mitus
288 1781 424 1870 recipit.

212 2011 295 2081 Jam
320 2020 361 2081 ut
386 2013 606 2102 paucissimis
631 2012 821 2095 absolvam,
841 2034 919 2104 quae
941 2012 987 2081 de
1012 2010 1124 2083 altero
1149 2010 1212 2081 illo

161 2124 333 2215 ἐπεισοδῖῳ
348 2135 431 2198 sunt
448 2128 617 2197 dicenda:
642 2129 796 2219 primum
809 2128 1094 2198 animadvertant
1107 2120 1216 2196 velim

162 2243 335 2324 homines,
353 2265 424 2310 nou
448 2249 521 2312 tam
547 2265 640 2312 caeco
658 2243 787 2323 furore,
804 2265 911 2332 quam
935 2227 1045 2312 atroci
1063 2239 1215 2334 quadam

164 2357 338 2449 religione
371 2357 521 2448 peccari,
552 2357 648 2449 quod
684 2357 851 2426 Hectoris
885 2380 1011 2449 corpus
1044 2357 1137 2428 male
1171 2357 1217 2427 ab

163 2471 308 2541 Achille
326 2471 514 2541 mulcatur.
558 2470 626 2540 Ille
644 2472 810 2540 nimirum
827 2480 1007 2542 commota
1024 2495 1065 2542 ac
1082 2473 1218 2542 fervida

164 2596 288 2655 mente
314 2586 349 2655 id
376 2609 485 2656 unum
514 2588 708 2678 spectabat,
732 2588 768 2656 id
796 2588 936 2680 agebat,
958 2596 999 2657 ut
1024 2588 1123 2657 nullo
1144 2610 1216 2656 non

162 2703 298 2771 honore
333 2701 544 2772 defunctum
585 2705 738 2772 amicum
780 2683 1062 2794 prosequeretur.
1131 2702 1217 2772 Pars

163 2826 286 2887 autern
303 2817 445 2887 bonoria
461 2809 663 2908 putabatur,
681 2818 878 2889 Hectorem
901 2798 1128 2909 plenissimas
1142 2800 1217 2908 poe·

164 2955 227 3002 nas
262 2931 369 3002 luere.
439 2931 567 3023 Itaque
600 2933 824 3004 contumeliae
857 2933 927 3003 illae
960 2933 1065 3004 certis
1093 2939 1217 3025 tempo

165 3048 272 3129 ribus,
291 3046 445 3117 solennis
468 3048 573 3118 officii
595 3048 673 3119 loco
690 3049 961 3142 ingerebantur:
993 3046 1219 3142 pertinebant

167 3164 212 3233 ad
229 3164 417 3253 exsequias
435 3153 602 3234 Patrocli.
643 3164 761 3233 Immo
778 3164 887 3234 finitis
904 3165 1012 3234 etiam
1031 3164 1218 3255 exsequiis,

119 3308 124 3315 ·
167 3279 244 3369 ipso
260 3278 363 3348 initio
378 3278 461 3348 libri
478 3278 608 3360 ultimi,
621 3277 795 3361 Achilles,
814 3302 964 3349 moerore
984 3287 1022 3348 et
1045 3279 1219 3350 insomnia

167 3392 353 3462 confectus
364 3403 391 3474 θ,

309 3503 433 3559 δινεύεσκ’
446 3502 532 3560 α’λύων
542 3503 613 3575 παρὰ
624 3503 672 3559 θίν’
683 3502 755 3560 ἁλός·
774 3503 836 3558 ούδέ
845 3526 890 3574 μιν
899 3503 969 3561 ’nbc

310 3590 450 3661 φαινομένη
462 3589 590 3659 λήθεσκεν
602 3591 676 3663 ὑπεὶρ
685 3589 738 3644 ἅλα
750 3590 773 3645 τ’
786 3589 871 3659 ήῖόνατ
883 3613 921 3645 τε.

310 3676 369 3730 ἀλλ’
383 3675 422 3748 ὅγ’
436 3677 491 3732 ε’πελ
503 3676 613 3745 ζεύξειεν
624 3675 670 3749 ὑφ’
683 3676 796 3748 ἅρμασιν
808 3677 887 3734 ὠκέας
898 3676 1000 3740 ἵππους,

306 3761 420 3834 Ἕκτορα
432 3760 454 3817 δ’
467 3762 592 3817 ἕλκεσθαι
604 3762 750 3831 δησάσκετο
763 3763 859 3834 δίφρου
872 3762 988 3818 ὄπισθεν·

310 3851 367 3919 τρὶς
379 3849 403 3904 δ’·
415 3848 510 3919 ἐρύσας
520 3849 580 3919 περὶ
593 3852 663 3919 σῆμα
675 3851 845 3905 Μενοιτιάδαο
857 3850 986 3911 θανόντος,

312 3934 383 3992 αὖτις
398 3935 436 3989 ε’ν1
448 3935 537 4004 κλισίῃ
549 3935 702 3990 παυέσκετο.

169 4055 267 4149 Ergo
285 4055 443 4126 de‘coelo
461 4056 705 4128 admonendus
728 4064 814 4139 erat,
832 4062 875 4126 ut
892 4055 944 4124 fas
968 4074 1045 4125 esse
1060 4053 1223 4123 crederet

167 4172 202 4241 ei
226 4171 332 4243 funus
358 4172 562 4253 concedere,
589 4193 659 4262 quo
681 4169 868 4244 inhumato
893 4167 1091 4261 gauderent
1116 4166 1223 4236 amici

170 4285 309 4356 Manes.
379 4283 505 4378 Atque
544 4286 667 4368 etiam,
705 4284 873 4355 restituto
914 4282 1094 4363 cadauere,
1129 4278 1223 4370 quod

595 4437 605 4460 ⁰
623 4427 656 4482 ll.
670 4427 741 4482 nir.
758 4443 800 4480 12.
