2738 4866
162 335 228 400 268
273 336 494 420 dependeretur
508 334 677 398 Herodorus
692 333 729 396 de
744 332 872 395 Homeri
886 339 985 394 aetate.
1040 351 1135 394 rnen.
1148 353 1210 392 xvr.

163 503 339 583 Isocratis,
359 501 647 594 gravissimorum
671 523 755 570 sane
781 512 988 569 auctorum:
1016 500 1211 589 exquibus

163 618 348 698 Isocrates,
378 639 452 686 aevo
480 617 557 706 jam
591 616 766 708 grandior,
797 608 938 694 traditi,
969 615 1070 683 annis
1101 614 1212 683 ferme·

162 731 406 823 septingentis,
436 754 500 800 suo
531 740 701 822 tempore,
732 729 1016 821 Peloponnesum
1051 753 1072 798 a
1109 727 1210 820 Spar·

162 856 327 916 tenorum
347 847 538 937 majoribus
555 846 635 915 coli.
686 844 892 913 Herodotus
912 853 1046 925 autem,
1065 867 1150 913 cnm
1166 845 1211 913 sit

164 963 320 1031 Isocrate
338 961 483 1030 dimidio
501 961 575 1030 fere
593 960 720 1030 saeculo
737 959 842 1051 prior,
856 955 919 1028 aiti
935 959 1211 1051 quadringentos

162 1079 268 1146 modo
285 1098 396 1146 annos
417 1075 619 1144 interfuisse
644 1076 737 1144 inter
757 1096 795 1142 se
816 1081 854 1142 et
877 1080 1038 1164 tempora
1061 1072 1210 1142 Homeri

163 1198 270 1280 atque
297 1189 456 1259 Hesiodi.
511 1189 566 1257 Ex
590 1189 644 1258 his
667 1188 828 1269 efficitur,
847 1186 1038 1256 Dorienses
1055 1189 1210 1257 tenuisse

164 1306 457 1396 Peloponnesum,
489 1314 656 1374 nascente
686 1302 882 1384 Herodoto,
913 1303 1070 1392 quinque
1102 1297 1209 1372 ferme

162 1420 297 1490 saeculis
323 1418 469 1488 dimidio
496 1420 631 1500 auctis3
658 1418 787 1487 distare
811 1426 931 1486 autem
951 1416 1152 1486 Homerum
1175 1426 1209 1486 et

163 1534 362 1604 Hesiodum
387 1557 408 1603 a
431 1535 547 1602 reditu
573 1532 845 1602 Heraclidamm
871 1531 971 1602 annis
998 1541 1146 1601 centnm
1175 1541 1209 1600 et

161 1650 427 1742 quinquaginta,
444 1672 466 1718 a
482 1649 586 1738 Troja
603 1648 755 1729 obsessa,
774 1648 937 1716 ducentis
955 1656 991 1716 et
1010 1647 1169 1739 triginta.

212 1761 269 1831 Ac
287 1785 410 1832 vereor
434 1763 617 1853 equidem,
631 1784 677 1831 an
704 1760 909 1830 Herodotus
935 1761 972 1828 in
992 1761 1209 1852 temporibus

162 1877 260 1945 hisce
285 1877 480 1946 statuendis
510 1899 582 1945 non
616 1877 768 1968 optimos
799 1883 960 1944 auctores
990 1874 1208 1946 adhibuerit:

164 1991 273 2059 nolim
304 2000 424 2060 tamen
455 1992 531 2082 ejus
559 1992 802 2060 testimouium
832 1991 980 2072 elevare,
1010 2013 1094 2060 cum
1125 2013 1210 2082 prae-

164 2107 286 2174 sertim
313 2105 348 2175 id
375 2129 445 2175 non
468 2106 561 2176 male
587 2107 774 2175 conveniat
800 2129 881 2175 cum
899 2105 1044 2175 calculis
1064 2107 1111 2175 ab
1129 2106 1211 2174 Era-

163 2220 329 2289 tosthene
352 2220 557 2302 subductis;
585 2221 721 2310 quibua,
743 2228 785 2288 nt
810 2220 902 2289 bene
923 2229 1055 2289 norunt
1081 2243 1210 2302 omnes,

163 2334 329 2402 innititur
353 2344 497 2426 recepta
513 2334 718 2405 Graecorum
742 2336 921 2405 annalium
945 2337 1064 2405 series.
1118 2334 1210 2404 Illud

162 2469 311 2529 mone03
339 2471 410 2517 non
428 2449 575 2518 obscure
593 2449 650 2518 vel
667 2450 735 2518 hoc
755 2450 888 2541 ipsein
912 2449 990 2519 loco
1014 2473 1099 2519 eum
1123 2450 1211 2518 indi·

165 2585 272 2644 casse,
289 2562 450 2633 homines
467 2566 575 2633 etiam
594 2574 680 2634 tunc
698 2567 867 2656 temporis
879 2566 1033 2634 incertos
1047 2564 1156 2633 fnisse
1169 2563 1211 2631 de

164 2685 273 2745 aetate
302 2678 431 2745 summi
462 2676 591 2746 Poetae.
644 2676 702 2744 Ita
732 2677 827 2744 enim
854 2676 934 2745 ille:
969 2673 1136 2743 Ἡσίοδον
1161 2673 1211 2740 καὶ

155 2781 310 2882 Ὅμηρον
328 2789 449 2868 ἡλικίην
462 2788 710 2882 τετρακοσίοισι
728 2788 817 2856 ἔτεσι
837 2785 1008 2867 duriorum
1025 2785 1210 2880 πρεσβυτέ-

164 2931 237 2996 ρους
255 2901 419 2990 γενὲσθιιι,
437 2903 489 2969 καὶ
511 2902 548 2970 οὗ
568 2901 702 2970 πλέοσι.
756 2902 911 2972 Omnino
937 2901 1115 2992 intelligas
1143 2923 1212 2968 non

165 3015 329 3085 omnibus
346 3017 441 3085 idem
455 3018 588 3087 viderit
615 3041 684 3108 quo
703 3017 840 3086 facilior
856 3017 957 3086 nobis
975 3017 1021 3085 sit
1045 3016 1159 3094 venis,
1178 3015 1211 3082 in

164 3129 312 3199 alteram
329 3140 477 3223 partem,
496 3133 525 3201 si
543 3154 597 3201 res
614 3133 665 3201 ita
682 3131 816 3212 tulerit,
835 3131 1108 3200 discedentibus.
1156 3129 1211 3197 Εο

165 3251 285 3313 autem
307 3254 411 3314 tenus
434 3246 479 3314 ab
502 3247 688 3315 Herodoto
710 3246 962 3315 discedendum
989 3245 1151 3325 arbitror,
1173 3252 1212 3311 ut

165 3358 231 3426 sub
248 3357 332 3448 ipsis
349 3361 468 3449 potius
486 3358 691 3429 Heraclidis
709 3358 907 3429 Homerum
925 3359 1078 3450 viguisse
1095 3358 1215 3426 existi·

165 3493 271 3550 mem,
302 3496 371 3562 quo
402 3481 562 3564 tempore
597 3473 742 3542 coloniae
777 3475 906 3565 passim
934 3472 1213 3553 deducebantur,

166 3586 226 3654 ubi
246 3588 323 3676 jam
350 3587 444 3655 facta
464 3587 580 3656 fuerat
605 3587 828 3668 ἑκατόμπολις
850 3587 967 3656 Creta.
1021 3586 1214 3665 Videlicet,

166 3701 396 3769 oestuantibus
437 3702 631 3769 etiamnum
673 3703 810 3783 animis,
851 3701 1013 3792 intelligo
1054 3700 1216 3770 Heracli·

166 3815 289 3883 darum
320 3815 539 3883 mentionem
566 3816 722 3907 potuisse
748 3814 877 3885 omitti.
930 3815 1068 3883 Caetera
1098 3816 1217 3883 omnia

166 3928 250 3995 satis
267 3927 358 3995 bene
377 3929 562 4017 quadrant.

207 4038 275 4108 -Ad
294 4063 480 4123 summam,
498 4051 539 4111 nt
563 4043 598 4110 id
619 4043 713 4132 quod
731 4065 786 4111 res
804 4051 858 4111 est
876 4043 1002 4122 dicam,
1021 4063 1092 4108 non
1111 4041 1218 4110 erite

167 4299 177 4328 '⁵
197 4298 382 4351 Pacctbmaic.
396 4316 419 4350 c.
433 4317 476 4368 32.
490 4301 523 4353 cf.
538 4301 656 4363 clinton,
670 4302 741 4354 Fert.
757 4301 856 4352 Hellen.
867 4297 970 4351 lutrod.
985 4317 1010 4351 v.
1107 4297 1113 4326 ¹
1132 4298 1159 4350 ii.
1174 4312 1217 4366 53.
