2738 4866
161 337 228 400 lis
326 337 471 417 Achillas,
486 318 618 404 emirum
629 339 741 424 lupera,
756 339 792 402 dc
805 361 835 402 ιο
847 339 1010 404 απιιῗιιαιισ.
1034 360 1129 406 rann.
1141 350 1205 402 vm.¹

162 504 343 581 Videlicet
371 510 480 581 etiam
511 512 697 581 somnianti
726 496 885 592 recurrit,
915 498 1084 602 tanquam
1110 509 1208 581 'nefus

159 633 197 695 et
231 625 368 718 insigne
396 626 585 717 piaculum,
616 650 653 696 se
686 649 757 696 non
787 627 858 695 vivi
892 629 954 697 sed
987 628 1123 696 mortui
1152 627 1208 697 vel·

159 740 258 810 brevi
275 741 362 812 hora
377 742 486 812 fuisse
502 742 758 812 immemorem.
802 742 907 825 Quod
925 751 1049 811 contra
1064 727 1206 810 omnino

160 850 215 924 his
244 855 306 947 qui
331 880 426 927 nunc
456 865 539 927 sunt
569 856 771 927 hominibus
804 880 869 927 usu
901 857 1018 926 venire
1050 849 1208 946 qnotidie

161 972 348 1043 cernimus.
383 974 603 1064 Jampridem
625 974 720 1041 enirn
738 995 781 1041 eo
801 971 960 1041 mollitiae
976 979 1126 1040 ventum
1146 981 1207 1053 est,

161 1088 289 1157 utrix
316 1089 501 1159 ferendum
523 1088 693 1170 videatur,
717 1111 788 1157 uno
815 1097 923 1179 atque
948 1086 1063 1172 altero
1087 1105 1208 1158 mense

162 1210 309 1285 vestem,
326 1204 475 1274 mortuis
500 1202 630 1285 amicis,
646 1211 798 1273 mutare.
850 1201 1025 1284 Quocirca
1046 1224 1120 1271 non
1142 1204 1207 1272 erit

163 1319 373 1401 mirandum,
390 1320 513 1410 inepta
528 1318 662 1401 haberi,
676 1319 730 1388 his
741 1318 931 1410 judicibus,
945 1338 1023 1408 quae
1038 1318 1208 1390 curiosius

161 1436 368 1525 exsequitur
384 1435 564 1505 Homerus
586 1433 631 1503 de
654 1432 789 1504 solenni
810 1432 898 1502 fletu
917 1432 1202 1526 Myrmidonum

161 1551 206 1619 de
233 1573 317 1642 rogo
346 1557 538 1631 exstructa,
562 1550 737 1632 dedicato,
763 1550 928 1631 incens03
955 1549 999 1618 de
1022 1549 1206 1640 epularum

159 1661 393 1754 ludorumque
410 1664 558 1732 ratione.
612 1662 762 1753 Semper
785 1670 904 1730 tamen
925 1659 1116 1731 nonnullos
1134 1661 1206 1730 fore

159 1779 378 1859 crediderim,
398 1778 526 1870 quibus
556 1801 599 1848 ea
624 1777 727 1847 valde
752 1776 966 1868 placebunt3
991 1797 1064 1846 non
1091 1775 1204 1846 solum

158 1895 380 1986 antiquitatis
422 1893 549 1977 colore,
592 1918 662 1986 quo
703 1894 849 1985 quidem
888 1892 1089 1985 gratissimo
1131 1902 1205 1962 tota

160 2012 258 2101 quasi
292 2009 415 2079 tabula
447 2009 628 2090 imbuitur,
659 2032 782 2079 verum
817 2010 925 2078 etiam
961 2009 1128 2101 quoniam
1162 2009 1204 2078 ad

159 2134 322 2196 naturam
340 2134 377 2195 et
394 2127 438 2196 ad
455 2126 714 2196 humanitatem
733 2148 776 2194 eo
791 2125 952 2216 proxime
967 2125 1155 2204 accedunt.

226 2241 331 2326 Quid,
365 2242 459 2333 quod
493 2263 572 2311 suas
605 2242 679 2332 ipse
715 2240 975 2332 quodammodo
1009 2242 1203 2331 exsequias,

157 2378 337 2427 unacum
366 2357 543 2447 exsequiis
569 2358 684 2441 amici,
709 2378 864 2448 praesaga
888 2363 1021 2438 mente,
1049 2356 1204 2426 celebrat

159 2470 343 2544 Achilles?
371 2495 443 2563 quo
467 2473 613 2563 quidem
643 2471 778 2564 reliqua
803 2471 958 2564 pertinet
984 2471 1119 2542 umbrae
1144 2495 1204 2564 per

158 2589 333 2660 somnium
351 2589 432 2658 visae
449 2588 572 2658 oratio.

554 2681 922 2752 ....’At)t'e’ptpe“v1(ip
967 2703 970 2707 ’

306 2768 440 2840 ἀμφέχανε
452 2767 574 2839 στυγερή,
587 2768 651 2837 ἤπερ
662 2769 730 2838 λάχε
741 2771 887 2840 γεινόμενόν
898 2789 956 2838 περ.

306 2857 348 2909 καί
359 2855 390 2909 δέ
400 2878 443 2911 σοι
453 2855 523 2928 αύτῷ
535 2858 620 2924 μοῖρα,
633 2855 701 2910 θεοῖς
712 2849 831 2910 ἐπιείκελ’
843 2853 977 2926 Ἀχιλλεῦ,

306 2943 385 3012 τείχει
396 2941 446 2996 ύπδ
457 2943 551 3012 Τρώων
561 2941 700 3012 εὐηγενέων
711 2941 865 2996 ἀπολέσθω.

305 3028 373 3083 άλλδ
386 3028 416 3082 δέ
426 3050 466 3082 τοι
477 3027 540 3104 ἔρειο
552 3029 593 3082 καὶ
605 3026 746 3099 ἒφήσομοι,
757 3027 812 3082 αἴκε
822 3028 920 3096 πίθηαι·

306 3114 340 3183 μὴ
354 3114 401 3184 ε’μά
413 3118 463 3168 τῶν
474 3113 598 3168 ἀπάνευθε
609 3112 739 3192 τιθημεναι
751 3113 832 3178 ὀστέ’,
845 3113 979 3183 Ἀχιλλεῦ·

307 3200 366 3254 ἀλλ’
379 3204 452 3270 ὁμοῦ,
465 3201 499 3256 ὧς
510 3188 656 3270 ἐτράφημεν
667 3200 695 3254 ’έν
705 3200 852 3270 ὑμετέροισι
864 3200 991 3269 δόμοισιν,

307 3286 365 3341 εὖτέ
373 3310 405 3356 με
416 3286 509 3342 τύτθον
520 3288 594 3341 ἔοντα
606 3287 740 3342 Μενοίτιος
752 3281 782 3354 έξ
792 3283 930 3342 ‘cademi

305 3377 399 3444 ἤγαγεν
410 3372 564 3442 ύμέτερόνδ,
576 3373 761 3443 ἀνδροκτασίης
770 3373 821 3427 ύπδ
833 3369 940 3443 λυγρῆς,

305 3462 380 3528 ἤματι
392 3457 493 3531 τιρ,ὅτε
504 3459 583 3513 παῖδα
595 3458 745 3514 κατέκτανον
755 3458 972 3530 Ἀμφιδάμαντος,

304 3543 400 3612 νήπιος,
412 3545 458 3598 ούκ
471 3544 575 3608 ε’θέλων,
588 3544 653 3615 ἄμφ’
666 3545 857 3616 άστραγαλοίσι
868 3543 1003 3615 χολωθείς·
1048 3538 1051 3543 ’

304 3632 365 3686 ἔνθα
375 3654 408 3700 με
419 3632 554 3701 δεξάμενος
565 3631 593 3686 έν
605 3632 721 3700 δώμασιν
732 3630 827 3686 ἵπποι-α
838 3630 941 3700 Πηλεύς

304 3717 402 3787 ἔτραφε
413 3715 435 3769 τ’
447 3715 577 3779 ἐνδυκέως,
590 3717 631 3769 καὶ
643 3718 693 3771 σδν
704 3716 836 3786 θεράποντ’
848 3717 978 3786 ὀνόμηνεν·

305 3802 338 3856 ὣς
350 3801 379 3854 δὲ
391 3801 432 3854 καὶ
443 3799 523 3855 dorca
535 3807 593 3854 νῶἳν
605 3801 653 3870 ὁμὴ
667 3803 745 3872 σορδς
756 3801 959 3873 ἀμφικαλύπτοι,

304 3886 416 3959 χρύσεος
428 3885 599 3957 ἀμφιφορεύς,
612 3889 708 3941 πόντοι
720 3891 784 3957 πόρε
795 3891 888 3943 πότνια
899 3891 990 3959 μήτηρ.

156 3951 285 4083 Neque
303 4000 398 4071 aliud
411 3998 564 4069 Achillis
580 4000 688 4090 ipsius
705 4001 812 4070 verba
830 3997 1050 4096 declarantd:

295 4137 375 4192 άστεο
386 4138 548 4207 Πατρόκλοιο
561 4137 731 4208 Μενοιτιάδαο
742 4138 868 4209 λέγωμεν·
889 4176 1006 4190 .....

297 4263 304 4276 .
325 4263 331 4275 .
352 4263 358 4275 .
377 4224 418 4276 καὶ
430 4221 519 4291 τὰμὲν
532 4220 560 4276 ἒν
571 4222 671 4292 χρυσέῃ
679 4224 767 4293 φιάλη
780 4224 821 4277 καὶ
834 4210 939 4277 δίπλακι
951 4223 1024 4293 δημῷ

295 4310 403 4378 θείομεν,
416 4309 519 4367 εἰσόκεν
528 4309 605 4364 αὐτὸς
616 4308 682 4379 ἐγὼν
692 4307 761 4362 ‘Atta
774 4308 907 4378 κεύθωμαι·

562 4410 578 4441 ·“·
592 4410 628 4465 ll.
638 4411 710 4465 xxiii.
725 4427 785 4481 239.
