2738 4866
156 330 249 389 rann.
262 348 306 388 xr.
341 292 733 411 maravanorum
748 326 1018 417 acutiorescduloe.
1144 333 1208 398 187

160 502 240 584 post
258 516 341 563 eum
360 484 486 563 uersati
506 495 643 564 suntin
662 495 787 563 eodem
816 495 915 576 loco;
942 496 1003 585 qui
1030 495 1127 565 locus
1154 505 1208 566 est

157 610 191 678 in
210 608 474 679 commentariis
499 602 689 678 Poetarum
714 618 824 700 atque
848 613 883 678 in
907 612 1207 702 peregrinantium

158 726 287 794 fabulis
305 726 512 806 uberrimus,
531 724 699 793 videlicet
717 721 761 794 de
779 726 831 806 iis,
850 749 937 816 quos
955 726 1047 794 forte
1071 728 1210 795 naufra-

157 842 255 932 gium
278 843 422 930 ejecerit
445 841 479 908 in
498 839 600 909 littus
624 832 765 930 aliquod
786 864 957 920 vacuum;
986 839 1070 931 quid
1091 850 1208 932 agant,

158 940 227 1044 quo
262 978 300 1024 se
334 957 515 1046 recipiant,
550 956 851 1045 quemadmodum
885 958 1020 1024 victum
1055 965 1092 1024 et
1128 957 1209 1024 vitae

159 1073 345 1140 commoda
361 1080 497 1161 parent.
962 1068 965 1072 ’
1011 1068 1014 1071 ’

160 1212 164 1216 ·
207 1187 290 1270 Quo
320 1189 357 1254 in
384 1208 513 1278 genere
542 1186 672 1275 primas
703 1193 813 1266 tenet,
845 1193 882 1253 et
914 1208 1062 1275 semper,
1093 1187 1208 1268 credo,

160 1299 297 1370 tenebit
322 1298 468 1366 historia
493 1297 566 1377 illa,
585 1296 641 1364 vel
667 1298 784 1388 pneris
810 1299 1003 1380 notissima,
1022 1301 1066 1368 de
1088 1302 1210 1370 navita

160 1415 312 1504 quodam
346 1421 513 1493 nostrate,
549 1407 737 1480 duodecim
772 1435 881 1481 annos
911 1413 986 1482 solo
1022 1414 1209 1486 exsulante

159 1531 193 1596 in
225 1517 385 1596 Australi
412 1521 573 1617 quadam
599 1524 723 1594 insula.
794 1526 891 1607 Fuit,
924 1527 992 1597 fuit
1026 1529 1113 1597 illud
1148 1534 1210 1599 ex-

160 1643 276 1712 silium
311 1639 529 1710 simillimum
560 1662 682 1707 eorum
718 1663 795 1729 quae
830 1640 874 1707 de
907 1640 1035 1731 Ulysse
1069 1645 1210 1712 narran-

160 1769 237 1839 tur3
275 1756 469 1847 praesertim
501 1756 563 1823 ubi
591 1756 620 1822 is
648 1756 691 1823 ad
723 1765 835 1823 ratem
867 1755 1118 1825 conficiendam
1150 1781 1210 1851 ag-

160 1872 340 1963 greditur:
377 1871 482 1938 modo
514 1869 721 1959 Nympham
752 1868 850 1937 illam
878 1893 948 1937 non
977 1869 1088 1939 oculis
1114 1873 1209 1940 cerni

161 1986 347 2078 intelligaS,
373 1986 434 2054 scd
460 1986 582 2054 adesse
608 1986 784 2075 quendam
815 1987 913 2075 quasi
943 1984 1097 2054 Genium
1130 1986 1208 2069 loci,

161 2102 220 2192 qui
244 2110 432 2192 postquam
451 2101 511 2168 diu
535 2108 745 2168 moerentem
765 2100 967 2182 detinuerit,
986 2103 1045 2168 vix
1064 2103 1207 2170 tandem

160 2218 306 2308 incipiat
323 2225 519 2284 monstrare
537 2215 657 2307 effugii
676 2216 800 2283 viame.

303 2395 343 2449 καὶ
355 2394 407 2449 τότ’
419 2395 539 2462 Ὀδυσσῆ
551 2391 708 2464 μεγαλήτορι
720 2392 814 2463 μήδετο
827 2391 938 2461 πομπήν·

304 2481 367 2534 δῶκε
379 2478 425 2549 μέν
437 2482 462 2532 ol
473 2478 584 2533 πέλεκυν
595 2478 676 2550 μέγαν
687 2481 797 2547 ὄρμενον
808 2478 835 2532 ἐν
845 2482 990 2548 παλαμῇσι,

303 2566 367 2619 δῶκε
380 2565 402 2619 δ
414 2562 502 2619 ἔπειτα
515 2563 660 2637 σκέπαρνον
672 2563 773 2631 ε’ΰξουν·
793 2563 858 2635 ήρχε
871 2563 892 2616 δ’
906 2565 977 2617 ὁδοῖο

303 2650 383 2720 νήσου
395 2651 434 2705 ἐπ’
448 2652 581 2720 ἐσχατιῆς,
595 2650 635 2705 ὅθι
648 2650 753 2722 δένδρεα
766 2651 850 2719 μακρὰ
862 2649 979 2719 πεφύκει,

302 2735 399 2806 κλήθρη
412 2737 433 2790 τ’
447 2735 559 2808 αἴγειρός
570 2736 601 2800 τ’,
616 2735 693 2804 ἐλάτη
706 2737 727 2789 τ’
741 2735 771 2804 ἦν
783 2736 963 2806 οὐρανομήκης,

303 2820 351 2874 αὖα
363 2821 451 2884 πάλαι,
463 2822 597 2889 περίκηλα,
610 2821 642 2874 τά
653 2823 678 2874 oi
690 2824 801 2875 πλώοιεν
813 2821 944 2893 ἐλαφρῶς.

303 2908 383 2977 αὐτὰρ
395 2911 410 2960 δ
422 2907 529 2976 τάμνετο
542 2908 629 2976 δοῦρα·
650 2908 716 2962 θοῶς
728 2906 755 2960 δέ
768 2908 793 2960 οἷ
805 2911 881 2976 ήνυτο
892 2905 980 2978 ἔργον·

304 2989 386 3045 ε’ίκοσι
399 2991 421 3044 δ’
433 2989 530 3055 ἔκβαλε
541 2990 632 3055 πάντα,
645 2991 803 3060 πελέκκησεν
816 2992 838 3045 δ’
851 2992 900 3064 ἄρα
911 2995 1011 3064 χαλκῷ,
1087 3036 1092 3044 .

303 3073 385 3142 ξέσσε
397 3075 419 3128 δ
432 3075 614 3144 ἐπισταμένως,
628 3077 670 3129 καὶ
682 3077 724 3129 ε’πὶ
737 3076 854 3144 στάθμην
865 3074 958 3130 ’ίθυνεν

304 3164 391 3232 τόφρα
403 3162 425 3216 δ
437 3160 517 3217 ένεικε
529 3161 635 3233 τέρετρα
652 3161 771 3233 Καλάφω
785 3163 827 3215 διὰ
839 3161 927 3216 θεάων

305 3247 422 3317 τέτρηνεν
435 3248 457 3301 δ’
470 3248 519 3319 ίίρα
531 3243 620 3310 πάντα,
634 3249 675 3300 καί
687 3249 803 3317 ἥρμοσεν
814 3246 979 3314 ἀλλήλοισιν·

303 3335 390 3402 τόφρα
403 3333 430 3385 δέ
442 3332 517 3402 φάρε’
529 3329 609 3386 ἔνεικε
623 3330 742 3403 Καλάφω
754 3333 796 3385 διὰ
809 3330 890 3384 θεάων

304 3419 374 3470 ίστία
385 3416 553 3485 ποιήσασθαι·
573 3421 588 3470 ὁ
601 3417 623 3471 δ’
637 3416 665 3470 εὖ
677 3416 822 3487 τεχνήσατο
837 3418 878 3470 καί
890 3416 929 3470 τά.

305 3505 333 3559 ε’ν
345 3505 366 3558 δ’
379 3504 474 3575 ὑπέρας
486 3527 514 3558 τε
527 3503 620 3558 κάλους
632 3527 660 3557 τε
671 3505 753 3559 πόδας
764 3503 786 3556 τ’
800 3502 920 3570 ε’νέδησεν
932 3503 960 3556 ε’ν
971 3504 1044 3570 αὐτῇ·

304 3593 445 3661 μόχλοισιν
456 3590 478 3644 δ
491 3591 540 3660 ἄρα
552 3590 629 3660 τήνγε
642 3590 792 3659 κατείρυσεν
804 3589 840 3644 εἰς
851 3590 903 3642 ι’ίλα
916 3589 981 3641 δῖαν.

216 3748 320 3831 Quod
355 3749 383 3816 si
419 3749 529 3817 cuivis
565 3772 606 3817 ea
639 3748 839 3840 legentibus
879 3747 973 3815 ultro
1013 3748 1133 3815 veniat
1175 3747 1211 3812 in

164 3864 321 3932 animum
342 3888 384 3933 ea
401 3888 505 3954 quam
528 3888 591 3933 nos
618 3866 724 3933 modo
748 3865 968 3933 instituimus
986 3863 1212 3951 comparatio,

165 3980 331 4048 nimirum
366 4003 421 4048 res
455 3981 529 4070 ipsa
564 3980 678 4059 docet,
714 3978 932 4059 Academici,
967 3999 1075 4068 quarn
1108 3978 1212 4045 unice

165 4094 202 4161 iu
221 4092 391 4184 Odysseia
417 4095 618 4163 dominetur
643 4094 773 4184 patriae,
793 4095 929 4172 domus,
953 4113 1097 4159 suorum
1124 4090 1213 4158 desi-

166 4211 313 4278 derium.

590 4329 602 4356 θ
623 4319 676 4373 Od.
688 4338 712 4372 v.
728 4336 788 4388 233.
