2738 4866
166 327 324 371 τοιαύτά.
442 303 610 396 Quurofloi
623 312 668 378 tn·
681 316 827 398 suorufloii
840 318 957 381 montio.
1144 319 1209 385 375

377 477 510 548 δύστλητά
520 503 569 551 περ
582 479 644 537 ὄνθ’
664 482 720 535 δδὲ
730 485 832 547 λοιπὸν,
845 483 905 539 ίάντι

377 564 405 619 ἐκ
415 566 495 619 τῶνδε
507 567 601 636 δόμων,
614 567 698 636 άλλῆν
709 569 799 640 γίνεαν

375 651 474 720 τρίβειν
485 653 602 710 θανάτοις
615 653 785 711 αὐθένταισιν.

216 770 296 840 Ηαο
321 781 421 864 parte
446 797 520 865 prae
546 777 684 846 oaeteris
710 779 865 848 notanda
887 778 1028 849 videtur
1048 776 1208 847 sacrificii

164 887 311 970 mentis,
330 888 439 957 semel
457 897 494 958 et
512 891 636 980 saepius
653 891 827 981 injecta⁸t

374 1036 405 1086 οὔ
416 1054 456 1086 τοι
468 1031 574 1104 θυραίαν
585 1033 653 1102 τήνδ’
666 1034 723 1104 ἐμοὶ
735 1034 821 1105 σχολὴ
833 1035 903 1104 πάρα

373 1115 480 1185 τρίβειν·
498 1118 530 1171 τὰ
541 1116 650 1189 μὲνγὰρ
662 1119 750 1175 ἑστίαι
760 1119 935 1189 μεσομφάλου

374 1201 482 1270 ἕστηκεν
493 1203 540 1272 ἤδη
551 1206 622 1273 μῆλα
633 1206 700 1274 πρὸς
711 1205 818 1276 σφάχας
828 1207 918 1275 πυρὸς,

373 1289 408 1344 ὣς
420 1289 506 1344 οὔποτ’
519 1291 646 1346 ἐλπίσασι
658 1290 727 1359 τήνδ’
739 1290 806 1362 ἕξειν
816 1292 901 1362 χάριν.
964 1334 966 1339 -

164 1406 298 1477 Rursus
315 1410 435 1492 etiam,
453 1412 513 1481 ubi
532 1412 644 1482 scelus
662 1414 777 1505 ipsum
795 1413 996 1483 narraturi:

372 1554 439 1609 παίω
451 1555 482 1609 δέ
492 1579 531 1611 νιν
542 1557 589 1612 δίς·
609 1555 655 1626 κᾴν
667 1557 738 1611 δυοῖν
750 1557 910 1628 οἰμώγμασιν

372 1641 481 1710 μεθῆκεν
492 1642 571 1695 αὐτοῦ
583 1645 662 1696 κῶλα·
683 1641 724 1697 καί
735 1645 878 1697 πεπτωκότι

372 1728 460 1798 τρίτην
472 1728 632 1798 ἐπενδίδωμι,
645 1733 690 1784 τοῦ
701 1730 765 1783 κατὰ
776 1729 870 1799 χθονὸς

368 1810 467 1877 Ἃιδου,
479 1820 574 1884 νεκρῶν
586 1816 711 1884 σωτῆρος,
724 1815 840 1868 εὐκταίαν
851 1815 936 1886 χάριν.

162 1930 243 2014 Quo
261 1942 397 2024 spectat
414 1957 457 2005 ea
474 1959 614 2027 quoque
632 1936 798 2017 clausula,
815 1960 920 2029 quam
938 1958 1002 2006 nos
1019 1944 1103 2006 unte
1119 1935 1207 2007 citu-

160 2048 296 2131 vimus3
325 2073 396 2140 qua
421 2050 646 2144 significatur,
672 2075 743 2121 non
768 2061 842 2122 tam
869 2076 933 2122 sua
956 2074 1075 2134 manu,
1099 2074 1205 2143 quam

158 2163 326 2234 daemonis
344 2165 525 2257 cujusdam
543 2168 649 2235 domo
666 2168 808 2250 inimici,
826 2191 902 2237 rem
919 2167 1015 2262 geri3
1046 2167 1206 2240 sacrificii

158 2276 277 2366 potius
294 2299 399 2369 quom
418 2278 563 2347 ultionis
580 2301 664 2372 ergo
676 2289 712 2350 ¹¹:

371 2425 562 2494 φανταζόμενος
573 2424 601 2477 δὲ
613 2426 712 2494 γυναικὶ
725 2431 815 2495 νεκροῦ
920 2427 924 2436 ’

370 2509 438 2564 τοῦδ’
453 2511 588 2567 ὁπάλαιος
600 2511 691 2581 δρίμυς
702 2512 825 2584 ἀλάστωρ

370 2596 480 2666 Ἀτρέως
491 2600 608 2670 χαλεποῦ
620 2597 769 2668 θοινατῆρος

370 2682 438 2738 τόνδ’
450 2683 581 2748 ἀπέτισεν,

369 2769 460 2824 τελεον
471 2772 571 2839 νεαροῖς
580 2769 714 2827 ἐπιθύσας.

160 2889 328 2960 Mirabile
349 2899 414 2973 est,
431 2913 537 2982 quam
559 2892 649 2961 bene
667 2893 735 2961 ista
755 2893 874 2961 omnia
891 2893 1102 2962 conveniant
1119 2914 1202 2961 oum

157 3004 276 3073 indole
301 3004 484 3075 hominum
511 3005 597 3074 falsa
623 3005 792 3098 religione
817 3008 1042 3097 peroitorum,
1063 3008 1202 3097 quoties

159 3119 209 3207 (id
227 3121 321 3210 quod
338 3123 466 3212 saepius
487 3121 639 3191 occurrit
664 3121 841 3190 evolventi
863 3121 987 3189 harum
1007 3122 1200 3211 praesertim

157 3235 318 3325 gentium
335 3235 491 3324 annales)
504 3235 611 3303 fuerit
625 3234 723 3304 Deus
741 3235 931 3327 placandus
945 3235 1125 3327 sanguine,
1139 3256 1201 3304 seu

157 3349 295 3439 tyranni
314 3349 387 3418 sive
404 3347 593 3438 cujuslibet
610 3349 720 3441 impii.

207 3464 290 3533 Jarn
320 3465 455 3546 eadem,
485 3465 560 3556 ipso
588 3465 658 3534 fine
687 3463 889 3557 Tragoediae,
915 3462 1016 3532 litem
1042 3459 1200 3556 AEgisthi

157 3602 239 3648 oum
267 3578 384 3649 Choro
411 3581 462 3649 ita
489 3580 679 3671 componit,
707 3589 748 3648 ut
780 3580 905 3648 doceat
937 3577 1002 3646 sibi
1033 3580 1124 3647 sutis
1144 3600 1201 3647 su·

156 3718 288 3786 perque
298 3696 376 3787 jum
393 3718 468 3765 esse
487 3693 673 3763 vulnerum
691 3716 732 3762 ac
750 3693 955 3763 domesticae
973 3693 1076 3764 oaedis
1087 3703 1124 3761 ¹:

366 3841 496 3909 μηδαμῶς,
508 3839 528 3893 ὦ
540 3837 647 3910 φίλτατ’
660 3839 768 3911 ἀνδρῶν,
780 3839 849 3893 ἄλλα
861 3839 998 3908 δράσωμεν
1008 3836 1079 3893 κακά·

366 3926 436 3985 ἀλλὰ
448 3926 489 3980 καὶ
500 3923 554 3979 τάδ’
567 3925 695 3995 ἐξαμῆσαι
706 3926 795 3980 πολλὰ
807 3923 934 3993 δύστηνον
945 3923 1027 3996 θέρος·

366 4014 478 4081 πημονῆς
489 4009 511 4065 δ
524 4011 583 4067 ἅλις
593 4010 617 4082 γ’
630 4011 748 4082 ὑπάρχει·
768 4011 847 4080 μηδὲν
858 4009 1030 4080 αἱματώμεθα.

207 4129 267 4198 Ad
292 4152 475 4211 summam,
493 4130 774 4223 Clytaemnestrae
793 4132 848 4202 vel
875 4131 1049 4202 sevientis
1072 4139 1198 4226 portes,

180 4323 296 4391 Ἀραια.
313 4339 388 4376 1022.
460 4323 648 4394 istm-1355·
721 4321 821 4379 uibid.
838 4338 914 4395 1477.
986 4324 1178 4394 ¹lbid.1644.
