2738 4866
161 347 256 393 nnnc.
269 351 323 394 xx.
422 351 477 394 cur
491 351 528 402 cc
535 330 758 417 placidefmt
771 304 946 399 incedens.
1142 337 1207 405 377

160 498 272 566 currit
289 518 411 569 omnes
432 499 506 569 fere
524 499 711 572 Musarum
736 501 940 596 lugubrium
963 502 1088 587 flexus,
1106 505 1145 574 in
1168 527 1207 575 se

162 613 288 696 redire,
301 635 343 683 ac
356 615 546 706 tranquille
562 623 684 686 mente
698 616 865 687 ultimum
882 619 971 689 illud
982 618 1077 691 Vale
1091 620 1208 691 dicere

162 727 267 798 rebus
284 729 491 800 mortalibus
501 738 534 800 ³:

371 872 431 928 ἀλλ’
445 871 496 943 εἶμι
508 873 555 945 κᾷν
566 874 671 945 δόμοισι
683 875 827 955 ηοκῦσουά
840 877 903 948 ε’μην

370 961 562 1117 ’τεγὲρξρνονός
571 984 601 1018 τε
610 966 712 1035 μοῖραν·
730 964 837 1036 ἀρκείτω
848 965 915 1031 βίος·

369 1137 441 1190 οὗτοι
452 1135 573 1202 δυσοίζω,
586 1134 682 1206 θάμνον
692 1137 727 1193 ὥς
738 1135 816 1210 ὅρνις,
828 1139 907 1210 φόβην

368 1221 465 1278 άλλως·
484 1221 597 1292 θανούσῃ
609 1226 760 1294 μαρτυρεῖτε
771 1246 815 1294 μοι
827 1225 896 1290 τόδε,

369 1306 432 1362 ὅταν
443 1308 506 1378 γυνὴ
517 1310 637 1380 γυναικὸς
647 1308 700 1364 ἀντ’
713 1309 776 1380 ἐμοῦ
789 1309 861 1380 θάνη,

368 1392 432 1465 ἀνήρ
444 1416 473 1449 τε
485 1396 666 1467 δυσδάμαρτος
676 1394 730 1451 ἀντ’
742 1396 836 1467 ἀνδρὸς
845 1397 924 1468 σε’ση.

370 1479 534 1552 θπιξενοῦμαι
546 1485 627 1537 ταῦτα
638 1481 662 1536 δ’
674 1483 709 1539 ὣς
720 1482 869 1554 θανουμένη.

158 1607 247 1691 Quis
264 1631 335 1678 non
352 1608 530 1704 intelligit,
544 1609 851 1702 Clytaemnestram
865 1609 972 1680 verbo
986 1620 1099 1694 tenus,
1113 1610 1206 1683 hauc

156 1745 195 1792 re
214 1722 411 1816 intimaque
435 1732 568 1808 mente3
586 1726 694 1796 sacris
718 1725 850 1809 adesse,
869 1724 1038 1818 Deosque
1061 1714 1206 1796 immor-

157 1838 247 1908 tales
276 1839 416 1912 colere?
465 1841 544 1924 Illa,
570 1840 669 1911 velut
698 1840 825 1934 vulgus
851 1840 1047 1923 hominum,
1076 1842 1114 1910 in
1143 1863 1205 1911 ore

155 1954 262 2024 modo
287 1954 449 2026 solennes
470 1956 580 2028 habet
605 1955 795 2027 formulas:
820 1955 899 2027 haec
920 1977 1003 2026 cum
1023 1955 1090 2048 piis
1108 1978 1206 2027 vere·

154 2092 225 2160 que
241 2070 413 2164 religiosis
430 2073 539 2142 sentit
556 2071 675 2141 omnia
691 2070 822 2141 caelesti
839 2071 986 2140 numine
1003 2070 1184 2162 compleri„

205 2186 346 2255 Deinde
366 2186 455 2256 illud
476 2187 636 2258 divinum
661 2185 766 2277 plane
785 2186 934 2274 (etenim
955 2209 1027 2255 uon
1044 2185 1114 2257 alio
1132 2187 1205 2257 ritu

156 2298 246 2369 solet
263 2301 362 2371 Deus
380 2300 472 2391 lpse,
490 2302 590 2372 Deus
607 2301 675 2371 Ille
693 2323 796 2372 verus
816 2323 858 2371 oc
881 2301 993 2384 vivus,
1015 2324 1098 2382 cum
1122 2324 1206 2371 cou-

156 2415 357 2484 tumacibus
381 2425 419 2484 et
444 2415 633 2485 incredulis
659 2419 778 2508 cgere)
808 2417 904 2507 quod
929 2425 1003 2487 tam
1034 2439 1137 2508 aeque
1163 2440 1206 2487 oc

158 2529 286 2598 leniter
302 2530 392 2600 ferat
410 2530 605 2601 Cassandra
621 2538 827 2622 spernentes
847 2553 911 2600 sus
930 2532 1077 2613 monita,
1094 2532 1205 2602 immo

159 2645 331 2714 vaticiniis
353 2646 549 2717 irridentes.
600 2644 737 2716 Chorus
755 2646 861 2728 enim,
879 2669 949 2737 quo
970 2654 1131 2739 tempore
1147 2646 1205 2717 vel

158 2762 332 2852 praecipue
349 2761 464 2831 vicem
481 2762 557 2852 ejus
574 2762 681 2844 dolet,
695 2783 918 2853 nequequam
943 2770 1066 2832 tamen
1091 2769 1205 2833 cessat

158 2876 333 2970 denegare
351 2877 384 2946 ei
400 2877 508 2946 fidem
519 2885 554 2947 ⁸:

369 3019 489 3074 ὅςπολλὰ
500 3021 548 3090 μὲν
558 3022 674 3085 τάλαινα,
686 3021 775 3076 πολλὰ
786 3019 808 3074 δ’
821 3021 853 3076 αὖ
865 3022 939 3094 σοφὴ

368 3105 451 3176 γύναι,
463 3107 563 3176 μακρὰν
574 3108 678 3163 ἔτεινας·
697 3107 720 3162 εἷ
732 3107 754 3161 δ’
768 3107 897 3178 ἐτητύμως

369 3194 450 3262 μόρον
462 3193 507 3246 τδν
518 3193 596 3262 αὐτῆς
607 3188 693 3256 οἶσθα,
704 3198 768 3257 πῶς,
781 3192 907 3263 θεηλάτου

369 3279 433 3334 βοὸς
445 3279 525 3346 δίκην,
537 3280 603 3348 πρὸς
613 3279 703 3347 βωμόν
714 3279 844 3347 εὐτόλμως
854 3283 944 3336 πατεῖς
950 3301 959 3344 3

158 3393 226 3463 Illa
242 3394 380 3485 placide
398 3417 479 3464 cum
496 3394 686 3465 incredulis
702 3368 945 3489 argumentari
953 3394 981 3480 b,

370 3535 440 3586 οὔτοι
452 3532 572 3600 δυσοίζω,
585 3532 680 3602 θάμνον
692 3534 726 3589 ὦς
737 3531 815 3602 ὅρνις,
827 3534 906 3605 φόβῳ

370 3617 465 3673 ἄλλως.

162 3738 220 3809 Ita
236 3740 381 3809 demum
400 3740 598 3809 devincitur
614 3738 723 3810 Chori
740 3738 857 3810 fatalis
873 3740 1076 3833 pertinacia,
1091 3739 1205 3831 eique,

161 3860 329 3945 tanquam
349 3877 430 3924 vera
446 3855 643 3947 auguranti,
661 3854 747 3924 dant
763 3876 889 3925 manus
900 3866 934 3924 ⁰:

371 3999 392 4052 dr
404 4002 509 4068 τλῆμον,
522 3999 637 4071 οἰκτείρω
649 4021 682 4055 σε
694 3998 830 4071 θεσφάτου
841 4001 931 4069 μόρου.

162 4129 357 4209 Postremo,
375 4131 412 4199 in
429 4138 590 4203 ,mortem
614 4132 658 4201 de
682 4152 786 4200 scena
806 4130 1014 4224 digrediens,
1031 4130 1205 4220 poenitere

178 4340 294 4408 zuram.
311 4341 387 4407 1284.
458 4341 557 4395 ‘ibid
574 4340 649 4395 1266.
725 4340 825 4394 bltid.
842 4341 917 4410 1287.
996 4338 1094 4394 estid.
1110 4355 1186 4408 1²9²·
