2738 4866
154 332 249 374 annu.
262 333 283 373 1.
371 311 515 394 Defonte
528 309 656 394 quodum
666 311 825 394 proeocpuo
840 312 971 374 Pocaaoa.
1126 363 1130 369 .
1159 325 1161 330 ·
1183 314 1204 380 9

155 483 369 564 sententias3
400 482 650 552 diversissimas
679 480 758 553 illas
784 483 939 572 quidem,
966 505 1052 572 quas
1083 491 1203 552 tamen

155 596 249 665 inter
274 619 311 666 se
341 597 426 666 satis
455 606 539 687 apte
569 596 748 666 'conciliari
779 619 880 687 posse
910 598 1072 679 arbitror,
1098 599 1205 667 modo

155 709 247 779 bene
265 713 380 801 posita
397 710 529 780 fuerint
546 711 625 781 haec
642 712 693 780 rei
711 711 823 780 totius
840 711 953 780 initia.

207 824 391 895 Postremo
419 835 579 896 veterum
608 826 799 895 Poetarum
821 808 1008 917 principes,
1034 837 1204 916 tanquam

156 946 276 1019 testes,
307 939 435 1032 singuli
466 941 607 1035 ciendi,
622 948 660 1008 et
690 942 728 1009 in
753 942 1040 1031 praestantissimo
1066 964 1206 1031 quoque
1286 921 1288 927 ¹

156 1056 340 1124 sententiae
357 1046 485 1124 nostrae
503 1056 699 1146 periculum
717 1057 929 1126 faciendum.
968 1057 1049 1139 Qua
1062 1058 1204 1146 quidem

156 1171 303 1252 ratione,
322 1172 387 1240 etsi
413 1170 522 1261 (quod
545 1172 682 1239 utinam
699 1170 803 1240 aliter
825 1173 982 1258 eveniat)
1004 1174 1047 1241 de
1065 1196 1205 1242 summa

156 1286 207 1354 rei
233 1309 297 1355 uos
320 1295 383 1354 aut
409 1308 539 1355 errasse
565 1295 627 1355 aut
654 1287 834 1356 obscurius
860 1289 972 1379 egisse
994 1289 1203 1370 videbimur,

158 1401 232 1470 iieri
251 1411 372 1471 tamen
389 1404 532 1493 poterit,
550 1403 644 1470 utin
663 1403 846 1493 exemplis,
864 1405 1011 1494 aliisque
1028 1405 1063 1473 id
1081 1428 1205 1497 genua,

159 1517 337 1586 conunodi
353 1515 489 1607 aliquid
506 1517 686 1586 interdurn
705 1519 857 1588 excidat.

210 1858 388 1950 Principio
404 1861 524 1952 igitur,
541 1863 593 1930 ita
610 1884 674 1929 nos
692 1885 815 1931 omnes
831 1885 853 1930 a
870 1870 997 1931 natura
1014 1846 1207 1951 cornparati

161 1995 290 2054 sumus,
317 1983 357 2043 ut
384 1998 513 2067 magno
540 1977 643 2045 nobis
678 1976 724 2045 sit
757 1976 893 2058 solati0,
929 1978 1069 2067 quando
1103 1975 1209 2044 vehe-

160 2089 334 2158 mentiore
357 2089 476 2180 aliquo
497 2090 637 2171 affectu,
655 2099 717 2159 aut
741 2090 847 2182 plena
864 2093 961 2181 quasi
984 2099 1105 2160 mente
1128 2091 1210 2160 feri-

162 2228 248 2286 mur,
275 2206 399 2285 verbis,
423 2214 536 2297 gestu,
562 2229 774 2296 quocunque
798 2209 941 2275 demum
969 2208 1084 2288 modo,
1107 2229 1209 2298 posse

163 2321 305 2390 tandem
333 2344 481 2411 eaquae
508 2324 680 2389 sentimus
706 2341 924 2412 expromere.
977 2320 1081 2403 Quod
1106 2323 1142 2389 in
1167 2322 1210 2390 iis

163 2435 354 2503 clarissime
380 2435 547 2516 cernitur,
576 2435 637 2525 qui
667 2435 731 2504 soli
766 2453 887 2504 secum
913 2438 1131 2504 mussitando
1161 2435 1210 2503 lo·
1296 2454 1298 2458 ·

164 2560 330 2640 quuntur,
351 2550 466 2638 siquid
489 2550 602 2618 acrius
626 2550 783 2619 animum
808 2551 1050 2618 commoverit.
1104 2549 1211 2618 Unde

165 2665 272 2732 etiam
289 2686 332 2732 ea
349 2666 443 2754 apud
460 2664 651 2756 Tragoedus
674 2666 804 2754 passim
826 2664 950 2745 obvia;
977 2664 1104 2752 quibus
1122 2663 1211 2731 nihil

165 2777 275 2846 ferme
296 2779 472 2861 usitatius,
491 2780 600 2867 quam'
620 2789 661 2846 ut
683 2779 904 2870 gravissimas
921 2799 1086 2868 personas
1110 2779 1213 2846 indu·
1294 2795 1296 2799 ·

165 2902 255 2973 rant,
279 2915 343 2960 sua
367 2891 434 2960 sibi
463 2901 565 2984 gesta
590 2900 698 2982 atque
724 2892 870 2962 consilia
895 2914 1023 2984 magua
1048 2891 1212 2982 claraque

167 3029 250 3076 voce
273 3014 466 3075 narrantes.
519 3005 600 3087 Qua
625 3006 769 3075 licentia
795 3030 878 3075 cum
901 3005 953 3075 illi
978 3007 1103 3098 saepius
1128 3008 1215 3077 abu-

166 3130 296 3202 tantur,
319 3130 396 3190 tum
420 3121 579 3212 profecto
606 3120 704 3189 nulla
734 3123 877 3189 omnino
905 3123 1041 3190 ratione
1070 3123 1215 3192 ferenda

166 3261 207 3307 ea
232 3238 335 3320 foret,
355 3239 420 3307 nisi
448 3237 607 3329 plerique
632 3243 864 3329 agnoscerent
890 3238 1077 3318 auditores,
1105 3240 1213 3307 etiarn

166 3353 201 3419 in
219 3374 256 3421 se
274 3353 357 3443 ipsis
375 3352 565 3443 aliquando
583 3352 698 3421 simile
716 3352 848 3442 aliquid
868 3353 1009 3421 evenire
1026 3350 1138 3443 posse.

215 3467 335 3549 Quid?
362 3469 399 3534 in
422 3469 518 3536 omni
542 3467 664 3560 lingua
687 3466 850 3536 solennes
872 3469 948 3536 istae
973 3467 1139 3557 ejulandi,
1158 3491 1216 3537 ae-

167 3581 352 3662 clamandi,
373 3583 562 3652 execrandi
585 3605 726 3672 quoque
744 3582 919 3660 formulae,
944 3605 1062 3650 nonne
1087 3584 1212 3651 eodern

167 3697 285 3765 omnia
301 3697 519 3766 deveniunt?
572 3697 664 3766 Sunt
681 3697 736 3765 hae
753 3696 895 3786 quidem
914 3696 1071 3786 profanae
1089 3719 1131 3765 ac
1142 3695 1213 3764 ‘ne-

167 3811 271 3891 fariae,
295 3834 381 3901 quas
403 3813 590 3881 execrandi
613 3835 718 3881 causa
743 3812 914 3880 adlribeut
939 3811 1038 3901 impii
1066 3820 1103 3880 et
1132 3836 1217 3881 con-

167 3925 327 3996 scelerati
350 3927 520 4008 homines‚
543 3929 603 3996 sed
630 3927 788 3995 indicant
812 3927 946 4015 utique,
970 3935 1143 4014 quantum
1167 3929 1214 3996 ad

167 4040 303 4108 animos
336 4040 508 4109 sedandos
542 4042 730 4131 pertineat,
764 4049 806 4107 ut
836 4041 873 4107 in
905 4040 1011 4108 verba
1039 4064 1080 4109 ac
1112 4065 1217 4111 voces
1305 4089 1307 4093 -

168 4154 385 4246 erumpendi,
399 4164 437 4223 et
454 4156 607 4245 pectoris
626 4157 725 4243 quasi
743 4155 923 4246 aperiendi
942 4155 987 4223 sit
1007 4157 1074 4225 via.
1111 4194 1114 4202 .

217 4268 270 4338 At
290 4291 371 4337 vero
390 4291 432 4336 ea
449 4269 593 4337 rudibus
616 4271 723 4338 modo
747 4270 897 4361 ingeniis
921 4277 958 4337 et
979 4279 1121 4340 tanturn
1146 4297 1217 4342 uon
1245 4257 1248 4263 ’
