2738 4866
158 327 221 390 182
383 322 621 408 Ιὶοιῳίορυιυυιι
635 333 663 386 ct
681 310 841 406 Cyclopum
855 322 971 384 otium:
1051 337 1146 382 nnnc,
1161 336 1217 380 ιιι..

158 494 303 566 Mutato
329 497 484 579 nomine,
507 503 694 563 narrentur
718 496 843 564 eadem
865 496 910 563 de
933 493 1079 563 Pacifici
1099 487 1203 560 maris

157 611 290 693 insulis
309 611 376 680 hac
397 619 434 679 et
457 618 597 701 patrum
624 611 796 679 memoria
816 608 1027 700 exploratis:
1054 626 1202 698 quorum

155 727 282 796 iucolae
300 726 423 795 arbore
442 726 683 806 vescebantur,
702 749 782 815 quae
796 733 925 794 nornen
944 748 965 793 a
983 746 1075 815 pane
1086 720 1202 791 habet.

157 842 299 914 Etenim
321 866 366 912 ex
384 843 512 911 nostris
529 865 600 910 non
619 842 773 923 defuere,
786 843 846 931 qui
864 842 989 932 patriae
1003 839 1107 909 obliti
1126 835 1202 906 istic

155 982 298 1028 manere
324 957 513 1039 volueriut,
531 958 625 1047 capti
652 957 787 1026 scilicet
813 959 935 1026 otiosis
962 956 1203 1046 voluptatibus

156 1083 193 1143 et
211 1073 377 1166 languida
394 1073 462 1142 loci
480 1073 609 1141 indole.
1134 1061 1137 1066 ⁴

205 1187 317 1257 Aliud
345 1210 448 1278 porro
477 1208 589 1277 genus
624 1186 688 1254 otii
718 1194 972 1277 repraesentant
1007 1184 1110 1253 nobis
1138 1183 1200 1274 Cy-

156 1303 301 1397 clopeia,
319 1301 540 1396 pastoritium
558 1300 646 1370 illud
665 1307 702 1369 et
719 1301 807 1370 luxu
825 1303 955 1394 agresti
974 1300 1168 1370 diffluensa

299 1525 428 1539 ........
437 1483 518 1540 σπέος
530 1481 631 1552 εἴδομεν
642 1482 704 1554 άγχι
717 1483 854 1553 θαλάσσης

296 1570 412 1640 ὑψηλόν,
425 1569 540 1638 δάφνῃσι
552 1568 703 1638 κατηρεφές
723 1569 783 1623 ἔνθα
796 1571 824 1623 δέ
835 1571 925 1624 πολλά

296 1655 367 1725 μῆλ’,
380 1654 432 1711 όῖές
443 1678 471 1708 τε
482 1656 523 1708 καὶ
535 1652 606 1726 αἶγες
618 1655 745 1709 ἰαύεσκον·
765 1658 824 1726 περὶ
837 1656 859 1710 δ’
875 1658 941 1724 οὐλὴ

297 1741 389 1812 ίοψηλὴ
402 1741 512 1810 δέδμητο
524 1741 720 1810 κατωρυχέεσσι
732 1741 856 1806 λίθοισιν,

296 1827 426 1897 μακρῇσίν
437 1850 465 1880 τε
477 1825 602 1882 πίτυσσιν
615 1828 652 1881 lte*
666 1828 759 1898 δρυσὶν
767 1828 957 1897 ὑψικόμοισιν..
969 1871 975 1883 .
988 1871 1012 1882 ..

332 1913 441 1982 Γτάρσοι
452 1914 499 1982 μέν
510 1919 593 1983 τυρῶν
603 1913 705 1983 βρῖθον,
719 1914 851 1968 στείνοντο
864 1915 892 1968 δέ
906 1916 983 1983 σηκοὶ
996 1959 1000 1965 .

296 1999 380 2068 ἀρνῶν
391 1996 430 2066 ἠδ
444 1998 549 2068 ἐρίφων·
569 2002 639 2053 ναῖον
651 1998 673 2052 δ’
688 1999 739 2070 ὀρῷ
752 1997 834 2069 άγγεα
845 2001 937 2062 πάντα,

296 2085 390 2155 γαυλοί
401 2106 429 2136 τε
443 2084 569 2154 σκαφίδες
580 2106 617 2148 τε,
630 2085 779 2154 τετυγμένα,
791 2087 846 2140 τοῖς
858 2084 1037 2155 ἐνάμελγεν...

334 2171 464 2238 ’ἑζόμενος
476 2168 498 2222 δ
511 2173 623 2240 ἤμελγεν
635 2168 673 2225 dis
685 2172 726 2223 καὶ
738 2170 851 2239 μηκάδας
862 2167 936 2241 αἶγας

300 2253 383 2309 πάντα
395 2256 459 2308 κατὰ
470 2258 572 2326 μοῖραν,
586 2253 627 2309 καί
638 2255 681 2310 ὑπ’
693 2257 807 2327 ἔμβρυον
818 2255 878 2325 ἧκεν
890 2255 996 2324 ἑκάστῃ.

298 2339 420 2395 αὐτίκοδ
434 2342 514 2410 ἥμισυ
526 2342 574 2410 μὲν
587 2341 688 2412 θρέψας
699 2346 802 2396 λευκοῖο
815 2342 945 2413 γάλακτος

297 2429 417 2482 πλεκτοῖς
428 2427 456 2481 έν
467 2427 619 2498 ταλάροισιν
630 2427 792 2497 ἀμησάμενος
805 2429 947 2496 κατέθηκεν

298 2512 377 2581 ἥμισυ
389 2512 412 2564 δ
424 2511 479 2566 οὔτ’
492 2514 604 2581 ἔστησεν
616 2513 643 2566 έν
654 2513 771 2583 άγγεσιν,
784 2513 855 2584 όφρο
867 2516 891 2566 ol
903 2512 941 2581 ε’ίη

297 2599 379 2652 πίνειν
391 2598 522 2672 αἰνυμένῳ,
536 2600 577 2652 καὶ
590 2601 614 2651 οἱ
625 2600 793 2669 ποτιδόρπιον
806 2598 843 2667 εἴη
847 2641 916 2654 .....
991 2652 994 2656 .

334 2683 409 2754 ιἦμος
421 2685 443 2739 δ
457 2684 584 2757 ἠριγένεια
596 2685 664 2755 φάνη
676 2685 866 2756 ῥοδοδάκτυλος
877 2685 956 2748 Ἠὼς,
1042 2713 1045 2717 ’

299 2773 340 2826 καὶ
350 2775 409 2825 τότε
420 2776 472 2842 πῦρ
484 2772 583 2826 άνέκοιε
596 2774 637 2825 καὶ
649 2775 745 2842 ἤμελγε
758 2775 839 2826 κλυτὰ
851 2775 921 2841 μῆλα
923 2811 994 2825 .....
1069 2819 1076 2833 ⁶

299 2868 387 2933 πολλῇ
401 2865 429 2918 δέ
441 2864 518 2936 ῥοίζῳ
531 2867 596 2935 πρὸς
608 2865 669 2935 όρος
680 2865 759 2935 τρέπε
771 2865 845 2918 πίονα
857 2867 945 2933 μῆλα..
957 2905 963 2918 .
976 2904 1000 2917 ..

300 2951 422 3020 έσπερίος
434 2951 455 3004 δ’
469 2949 548 3018 ἦλθεν
560 2952 714 3022 καλλίτριχα
727 2954 797 3020 μῆλα
809 2949 929 3020 νομεόων.

160 3105 313 3174 Cernitis
339 3115 380 3173 ut
404 3107 523 3175 omnia
544 3116 793 3197 comparentur
814 3106 858 3174 ad
880 3102 1089 3175 mulcendas
1113 3100 1200 3170 navi·

160 3229 276 3289 tarum
295 3222 441 3302 animos,
459 3222 636 3290 maritimo
654 3222 731 3312 jam
752 3220 872 3289 labore
895 3219 1030 3288 fessos?
1057 3227 1098 3287 ut
1111 3241 1201 3308 ,quae

160 3358 229 3426 que
257 3359 312 3405 res
339 3337 631 3428 significationem
661 3336 791 3404 lrabeat
819 3337 1008 3424 incomptae
1036 3357 1077 3420 ae
1113 3333 1201 3401 rudis

161 3451 280 3541 copiae,
300 3454 450 3541 vitaeque
468 3474 589 3520 secure
607 3452 672 3520 sub
690 3453 748 3520 dio
766 3451 878 3520 actae?

212 3566 317 3647 Quod
344 3569 371 3635 si
397 3567 453 3635 cui
479 3567 638 3635 mirabile
662 3588 737 3635 esse
764 3565 934 3645 videatur,
961 3566 1141 3654 quomodo
1167 3585 1203 3632 ea

161 3683 326 3774 conjungi
344 3682 478 3772 possint
502 3705 584 3750 cum
602 3683 692 3750 truci
711 3681 805 3750 caede
828 3680 1008 3770 hospitum
1033 3687 1070 3747 et
1097 3679 1204 3770 epulis

162 3794 384 3897 immanibus,
402 3796 604 3864 meminerit
621 3796 650 3863 is
669 3795 775 3863 velim
795 3794 1007 3885 Scytharum
1026 3803 1204 3874 veterum;

163 3912 223 4001 qui
248 3935 327 3979 cum
352 3922 508 4001 pastores
532 3920 649 3978 esseut
675 3920 712 3978 et
738 3909 951 3988 armentarii,
974 3909 1063 3977 abiit
1090 3919 1204 3978 tamen

164 4047 284 4093 eorum
304 4049 433 4094 nomen
454 4026 490 4093 in
514 4025 737 4116 proverbium
758 4026 916 4094 feritatis.
970 4023 1019 4091 Et
1043 4022 1207 4104 credibile

128 4170 134 4179 ·
164 4149 229 4219 est,
242 4141 347 4208 etiam
364 4140 492 4210 Siciliae
506 4139 599 4210 latus
612 4141 753 4232 aliquod
772 4141 857 4210 olim
875 4139 1032 4208 tenuisse
1049 4139 1208 4208 homines

195 4331 330 4386 codix.
347 4335 404 4387 182.
478 4337 617 4405 rix.219.
691 4335 752 4386 ³ix.
768 4351 827 4400 244.
901 4334 958 4387 tix.
972 4347 1033 4403 307,
1047 4333 1182 4404 315,336.
