2738 4866
157 351 253 396 roan.
264 351 332 396 ιιιιι.
365 331 445 417 qaod
456 332 585 415 adjura
592 326 765 416 praesertim
772 323 871 414 plubia
885 327 999 392 αιιάιιοι.
1139 323 1198 387 all

297 499 328 569 ἐξ
339 497 370 552 οὗ
380 497 526 553 Ὀδυσσεὺς
538 497 592 551 δῖος
604 498 651 564 ἔβη
663 495 752 562 κοίλης
763 495 800 549 ε’νλ
812 495 910 562 νηυσίν.

299 588 344 640 νῦν
356 579 385 637 δέ
397 584 436 638 τὶς
448 581 490 637 ὧδ’
504 586 590 653 ἤγειρε
600 605 608 645 ;
627 581 683 635 τίνα
694 582 774 650 χρειὼ
786 582 866 634 τόσον
877 578 933 640 ἰ’κει,

297 661 328 738 ἦέ
340 675 403 724 νεῶν
414 665 521 739 ἀνδρῶν,
534 661 549 736 ἢ
562 670 586 721 ol
597 665 798 738 προγενέστεροί
809 666 876 720 εἶσιν
883 687 892 729 3

298 752 329 822 ἦέ
339 753 384 808 τιν’
397 754 520 826 ἀγγελίην
532 757 646 823 στρατοῦ
657 753 747 805 ἔκλυεν
759 750 915 820 ἐρχομένοιο,

296 839 328 908 ἣν
339 839 364 911 χ’
377 840 437 909 ἡμῖν
449 839 524 909 σάφα
537 838 612 902 εἴποι,
624 838 668 891 ὅτε
679 840 805 908 πρότερός
816 857 847 906 γε
858 835 982 898 πάθοιτοι

298 921 327 991 ἦέ
339 945 363 978 τι
376 922 544 991 θημιονάλλὸ
556 920 730 992 πιφαύσκεται
742 917 780 986 ηδ’
792 916 909 989 ἀγορεύει
916 940 925 981 3

297 1006 395 1063 ε’σθλός
405 1029 449 1076 μοι
461 1007 531 1060 δοκεῖ
542 1002 614 1067 εἶναι,
627 997 754 1073 ἀνῆμενος·
773 1003 825 1058 εἴθε
838 1004 862 1057 ol
874 1002 941 1074 αὐτῷ

298 1093 359 1147 Ζεὺς
370 1091 467 1162 ἀγαθὸν
478 1089 617 1153 τελέσειεν,
630 1091 653 1154 ὅ,
667 1107 692 1145 τι
703 1092 801 1162 φρεσὶν
812 1087 859 1158 ᾖσι
869 1092 981 1159 μενοινᾷι

155 1236 293 1308 Praeter
317 1262 415 1330 spem
442 1230 647 1330 moremque
674 1238 750 1308 fieri
781 1239 955 1331 significat
985 1238 1200 1318 concionem,

154 1352 363 1445 longissimo
401 1356 571 1446 temporis
610 1354 808 1438 intervallo,
843 1377 915 1422 non
958 1355 1032 1422 sine
1074 1375 1202 1444 magno

155 1469 316 1538 omnium
346 1457 474 1538 favore.
527 1468 622 1551 Quid
652 1469 696 1538 ad
723 1469 791 1537 hoc
818 1468 1018 1558 conjurati?
1050 1490 1132 1536 nam
1158 1490 1200 1535 eo

155 1577 301 1652 nomine
318 1602 389 1652 non
406 1584 499 1652 male
516 1583 662 1653 fortasse
679 1583 765 1652 istos
782 1575 948 1674 appelles.
1003 1579 1145 1672 Nempe
1163 1601 1200 1649 re

155 1695 290 1766 infecta
312 1696 517 1767 concionem
538 1696 733 1778 dimittunt,
755 1691 918 1789 gravibus
939 1718 1062 1764 eorum
1084 1695 1202 1763 couvi·

156 1811 230 1892 ciis,
249 1812 448 1902 quicunque
465 1820 572 1905 agant
589 1811 721 1902 aliquid
738 1833 801 1880 suo
819 1807 977 1901 injussus.

300 1969 400 2040 Μέντορ
412 1969 546 2040 ἀταρτηρέ,
559 1970 655 2052 φρένας
666 1969 735 2038 ἠλεέ,
748 1974 822 2024 ποῖον
834 1972 923 2033 ἔειπες,

299 2055 377 2124 ἡμέας
388 2056 500 2125 ὀτρύνων
511 2056 686 2125 καταπαυέμεν
692 2078 701 2121 ;
720 2056 848 2128 ἀργαλέον
860 2057 888 2110 δέ

300 2140 408 2211 ἀνδράσι
421 2144 462 2196 καὶ
474 2137 618 2198 πλεάνεσσι
629 2142 799 2213 μαχήσασθαι
810 2143 870 2213 περὶ
882 2138 958 2195 δαιτί.
970 2183 975 2196 .
987 2182 993 2195 .
1005 2176 1010 2195 ι

300 2219 359 2280 ἀλλ’
372 2218 433 2298 dyc,
441 2231 501 2282 λαοὶ
512 2230 558 2298 μέν
570 2229 706 2284 σκίδνασθ’
719 2229 760 2283 ἐπὶ
771 2227 837 2300 ἔργα
848 2228 964 2291 ἕκαστος,

300 2312 382 2386 τούτῳ
394 2312 416 2367 δ’
430 2314 542 2385 ὀτρυνέει
555 2314 662 2386 Μέντωρ
675 2314 735 2369 ὁδὸν
747 2313 785 2383 ἡδ’
798 2313 961 2385 Ἀλιθέρσης,

301 2397 354 2452 οἵτε
365 2400 390 2451 ol
403 2399 432 2468 ἐξ
444 2390 525 2470 ἀρχῆς
539 2401 664 2471 πατρῶῖοί
675 2394 743 2454 εἶσιν
755 2401 851 2470 ἑταῖροι

302 2475 372 2547 ἀλλ’,
384 2483 439 2548 ἀΐω,
452 2487 493 2538 καὶ
508 2486 572 2555 δηθὰ
584 2485 731 2555 καθημένας,
743 2485 888 2556 ἀγγελιάων

301 2566 425 2626 πεάσεται
437 2574 474 2627 εἶν
484 2572 579 2641 Ἰθάκη,
591 2572 674 2627 τελέει
686 2572 708 2627 δ’
722 2573 782 2627 ὁδὸν
794 2576 887 2626 οὔποτε
900 2573 1000 2641 ταύτην.

302 2658 337 2713 ὥς
348 2657 388 2727 ἀρ’
400 2658 542 2728 ἐφώνησεν·
561 2661 643 2712 λῦσεν
655 2656 677 2711 δ’
689 2658 785 2729 ἀγορὴν
797 2657 920 2729 αἷφηρὴν.

162 2788 256 2862 Haec
275 2792 536 2886 Eurymachus:
563 2790 622 2887 qui
640 2802 717 2864 tota
734 2794 854 2865 fabula
880 2804 995 2887 partes
1013 2796 1078 2865 sibi
1096 2795 1204 2867 sumit

161 2907 321 2991 oratoris,
337 2911 477 3000 quoties
493 2910 630 3002 agenda
649 2911 746 2979 venit
764 2929 948 3001 procorum
966 2932 1079 2980 causa.

211 3017 306 3103 Jam‚
325 3043 394 3114 quo
417 3025 454 3092 in
475 3019 553 3094 loco
582 3024 704 3094 haberi
726 3025 876 3094 volucrit
897 3025 1074 3096 Homerus
1093 3035 1205 3096 cater-
1280 3008 1282 3016 ’

162 3158 244 3205 vam
267 3136 366 3207 illam
384 3162 465 3208 vere
488 3135 718 3220 tribunitiam,
745 3164 817 3209 non
842 3150 897 3211 est
918 3165 1024 3232 quare
1047 3142 1202 3211 multum

161 3250 377 3322 dubitemus
430 3252 549 3323 Primo
582 3253 671 3323 illud
705 3273 776 3323 non
810 3270 933 3347 parum
969 3257 1073 3342 valet,
1107 3259 1201 3348 quod

161 3367 297 3435 nemini
321 3369 479 3436 omnium
507 3365 580 3438 ulla
600 3370 727 3462 insigni
745 3371 877 3439 virtute
901 3372 1024 3440 redimi
1048 3372 1204 3442 decrevit

164 3478 278 3549 Poeta
307 3480 547 3572 importunum
574 3483 708 3566 scelus;
747 3485 784 3552 in
810 3485 878 3555 hoc
907 3488 1064 3555 omnium
1094 3487 1204 3555 ferme

162 3594 352 3678 dissimilis,
377 3598 437 3687 qui
464 3621 519 3667 res
545 3598 735 3690 flagitiosas
761 3607 798 3668 et
824 3607 959 3669 atroces
982 3601 1204 3692 scripserunt.

161 3709 265 3780 Solet
283 3708 378 3778 enim
396 3714 551 3782 maxima
575 3735 654 3805 pars
671 3715 821 3804 quadam
839 3715 936 3806 quasi
961 3715 1040 3784 luce
1064 3717 1206 3807 perfun-

162 3826 248 3895 dere
266 3833 432 3917 tyrannos
450 3849 589 3919 quoque
607 3849 699 3912 suos,
721 3826 884 3912 latrones,
903 3830 1051 3900 sicarios.
1083 3829 1209 3922 Splen-

163 3938 247 4008 dida
264 3939 351 4008 vitia
367 3938 519 4010 libenter
539 3943 729 4013 celebrant.
783 3941 828 4011 In
852 3949 1018 4034 promptu
1042 3943 1206 4011 omnibus

161 4063 247 4123 sunt
286 4052 429 4138 Medea,
462 4056 732 4148 Clytemnestra
768 4055 981 4126 Mezentius
1050 4055 1131 4138 Quo
1170 4057 1208 4124 in

585 4306 597 4346 ¹
611 4285 667 4361 Od.
680 4308 708 4360 ii.
722 4318 783 4373 242.

663 4417 684 4464 r
702 4403 726 4465 2
