2738 4866
222 312 266 377 78
387 308 514 373 Consilii
529 329 647 393 mapnae
659 317 845 391 1111111111
858 309 892 371 in
907 308 1093 373 Potmcra'o's.
1118 330 1215 373 11111.
1227 332 1267 372 11.

222 476 358 556 eadem,
387 475 520 567 opinor,
550 476 646 546 haud
680 475 828 546 obscure
858 476 1010 558 docebit,
1038 500 1102 546 cur
1131 479 1169 546 in
1197 501 1270 548 car-

221 591 375 660 minibus
410 612 553 680 quoque
590 592 784 683 pangendis
821 590 977 660 fabulam
1017 591 1173 682 aliquam
1209 600 1270 661 aut

221 705 417 775 doctrinam
444 713 527 773 11111
555 704 676 773 oeulos
703 705 835 774 habere
864 704 976 786 malis,
1002 727 1109 796 quam
1134 712 1270 775 temere

202 831 205 835 ’
220 840 369 909 quaeque
386 842 448 910 pro
467 827 626 909 tempore
644 818 780 888 efferre.
825 818 920 887 Illud
938 820 1064 908 ipsum,
1083 819 1206 888 ordine
1230 842 1269 888 ao

221 934 278 1002 via
295 934 470 1015 incedere,
490 933 647 1023 proderit
664 933 812 1002 fortasse
834 955 906 1001 non
922 955 1046 1023 parum
1070 933 1269 1024 agritudini

221 1073 263 1120 ac
296 1049 469 1119 desiderio
503 1048 714 1118 mulcendo:
751 1072 861 1139 quum
898 1070 944 1116 ex
979 1047 1118 1116 infinita
1152 1070 1269 1116 rerum

108 1225 111 1230 .
222 1163 480 1253 verborumque
510 1162 606 1244 silva,
637 1186 708 1232 uno
737 1171 899 1254 tempore
927 1161 1054 1231 animis
1084 1162 1272 1232 obversan-

221 1279 326 1360 tium,
360 1276 556 1369 deligendae
595 1286 700 1346 eruut
740 1300 806 1359 111,
840 1299 918 1367 quae
958 1283 1122 1366 suscepto
1162 1279 1270 1366 operi,

222 1392 339 1473 verba,
380 1414 457 1482 quae
494 1399 533 1460 et
574 1391 678 1460 rebus
718 1399 756 1460 et
795 1392 951 1461 numeris
984 1389 1271 1481 conjunctissima

223 1509 294 1577 sint
312 1515 350 1576 et
368 1505 523 1575 maxime
539 1504 653 1575 utilia.

273 1621 353 1704 Quo
370 1621 408 1689 in
426 1620 503 1690 loco
520 1620 639 1690 mirari
656 1620 752 1690 subit
769 1642 892 1689 eorum
910 1619 1084 1711 praecipue
1094 1621 1271 1711 juvenum

221 1735 409 1817 inscitiam,
428 1735 554 1825 quibus
580 1735 708 1816 omnia,
730 1758 811 1826 quae
834 1743 911 1804 arte
934 1758 975 1805 ac
998 1734 1147 1804 consilio
1169 1735 1271 1816 fiunt,

215 1850 340 1942 jejuna
368 1872 410 1920 ac
441 1851 569 1943 frigida
598 1849 714 1920 solent
741 1850 863 1933 videri,
891 1859 929 1919 et
956 1850 1100 1918 homine
1128 1850 1271 1940 poetico

221 1967 339 2034 miuus
364 1966 481 2058 digna.
534 1965 661 2056 Itaque
688 1974 767 2035 tum
793 1966 937 2035 demum
964 1987 1040 2035 sese
1064 1963 1270 2055 praeclarum

222 2077 365 2168 aliquod
390 2079 610 2171 excogitasse
634 2087 772 2172 putant,
797 2103 879 2150 cum
905 2078 1089 2171 splendida
1109 2079 1270 2170 quaedam

222 2200 261 2263 11
297 2195 488 2287 ingeniosa,
519 2194 611 2264 forte
641 2195 804 2286 quadam,
837 2195 908 2264 huo
942 2194 1026 2264 illuc
1060 2202 1269 2276 assuerunt;

222 2331 329 2398 quam
363 2309 493 2400 inepte,
529 2309 617 2378 nihil
651 2316 776 2379 curant
791 2332 800 2392 ;
818 2383 819 2386 ,
836 2309 974 2402 legibus
1008 2309 1104 2378 enim
1138 2317 1270 2402 negant

222 2422 336 2492 teneri
354 2423 504 2492 Poetam
527 2431 614 2493 aestu
635 2424 768 2516 ingenii
791 2423 988 2514 abreptum.
1039 2422 1140 2505 Quos
1160 2422 1270 2492 semel

222 2537 387 2627 equidem
410 2538 609 2608 admonitos
631 2538 748 2620 velim,
770 2538 884 2628 jejuni
911 2538 947 2607 id
973 2559 1050 2607 esse
1081 2538 1270 2629 scriptoris,

221 2660 264 2722 ut
281 2653 395 2743 prima
411 2674 569 2743 quaeque,
587 2654 705 2745 inopia
720 2652 919 2733 meliorum,
938 2653 1115 2722 mordicus
1132 2661 1269 2735 teneat3

221 2766 349 2859 frigidi,
366 2791 562 2859 parumque
580 2768 624 2836 de
645 2791 684 2838 re
707 2766 846 2848 soliciti,
868 2775 910 2835 ut
931 2769 968 2834 in
990 2768 1061 2836 suis
1078 2766 1183 2836 facile
1205 2768 1270 2839 sibi

220 2874 382 2973 placeat3
418 2885 538 2976 magni
564 2905 648 2952 vero
675 2892 714 2952 et
738 2883 894 2953 ardentis
917 2881 1060 2974 ingenii,
1084 2890 1126 2950 ut
1152 2884 1270 2952 omnia

221 3003 349 3079 tentet,
384 2999 520 3088 optima
553 2998 698 3090 deligat,
734 2997 823 3083 nulli
858 3019 973 3087 neque
1008 2996 1119 3066 labori
1155 3021 1271 3090 neque

201 3112 339 3199 studio
372 3119 504 3201 parcat,
538 3113 567 3180 si
605 3113 712 3181 modo
750 3134 878 3192 rerum,
916 3133 1002 3200 quas
1040 3109 1269 3195 adamaverit,

221 3225 339 3318 ampla
355 3248 397 3296 ac
414 3235 725 3319 venustaparetur
742 3226 885 3318 effigies.

272 3456 422 3540 Verum,
440 3465 482 3527 ut
509 3458 652 3527 adrem
678 3459 884 3540 redeamus;
909 3457 1043 3526 nemini
1059 3457 1137 3547 jam
1161 3459 1269 3550 trepi-

222 3573 376 3642 dandum
407 3595 618 3655 1111111111
648 3594 712 3642 uos
742 3573 859 3642 edicto
890 3573 990 3663 quasi
1019 3579 1139 3641 nostro
1165 3574 1270 3644 nimis

221 3695 388 3780 augustos
417 3688 593 3779 pepigisse
623 3686 766 3769 limites,
796 3694 834 3756 et
864 3688 901 3756 iu
927 3694 1064 3756 arctum
1095 3686 1271 3759 violenter

220 3803 376 3894 coegisse
397 3803 580 3870 videamur
604 3824 812 3894 generosam
835 3802 933 3872 illam
952 3801 1146 3870 Poetarum
1170 3802 1268 3871 fami·

218 3915 314 3986 liam.
367 3914 520 3986 Vidistis
554 3917 660 3997 enim,
691 3916 780 3986 nihil
814 3916 970 3997 omniuo,
1001 3914 1096 4004 quod
1129 3925 1269 3986 mentes

218 4030 403 4098 hominum
426 4039 489 4100 aut
507 4030 625 4099 subito
642 4030 836 4121 percellere
859 4037 921 4099 aut
939 4028 1074 4097 diutius
1098 4051 1270 4122 occupare

219 4143 346 4225 valeat,
380 4166 430 4224 ea,
461 4165 568 4234 quam
598 4144 859 4229 constituimus,
890 4142 1053 4223 formula,
1084 4165 1157 4213 non
1188 4167 1271 4214 con·

220 4259 325 4328 111111
364 4281 405 4327 ac
444 4258 617 4329 concludi.
686 4259 768 4329 Jaru
809 4260 854 4328 ad
894 4267 1020 4350 partes,
1062 4268 1100 4329 et
1138 4281 1270 4352 genera
