2738 4866
155 339 254 385 rann.
266 340 308 382 rr.
384 330 447 384 tom
460 317 647 397 Bersabora,
663 341 754 403 qnam
769 317 973 414 Aumatium.

364 477 438 535 Quid
449 495 493 530 me
504 477 626 531 futurum
639 486 716 530 esset.
762 533 765 536 ,

359 562 377 616 J
379 563 473 617 uvenis
486 561 566 616 didici
578 578 734 616 mucronem
746 561 857 630 tingere.

360 647 453 700 Alium
465 666 555 718 regem
567 648 637 701 bello
649 649 735 719 magis
747 649 878 718 inclytum

361 733 445 788 Nullo
456 749 577 805 unquam
589 742 708 804 tempore
721 735 767 787 Dii
779 733 940 788 invitabunt.

361 819 389 872 N
390 837 426 874 on
438 828 479 874 est
490 819 608 890 lugenda
620 837 703 874 mors.

363 927 546 998 Pugnavimus
558 928 678 982 ensibus.

363 1011 424 1068 Fert
435 1014 541 1067 animus
554 1022 580 1067 et
592 1021 700 1067 cantum
713 1021 739 1067 et
750 1013 832 1067 vitam
844 1011 928 1065 finire.

364 1099 482 1153 Invitant
493 1116 537 1152 me
548 1099 675 1168 virgines,
684 1099 799 1152 invitant
813 1098 913 1160 Parcae,

364 1185 440 1244 Quas
452 1203 485 1238 ex
498 1183 582 1238 Odini
594 1185 654 1238 aula

362 1271 419 1324 Rex
432 1272 553 1324 Deorum
564 1270 631 1324 mibi
643 1271 749 1325 obviarn
762 1271 842 1324 misit.

361 1355 453 1409 Laetus
465 1355 565 1409 mellita
576 1357 672 1424 pocula
683 1355 775 1409 bibam

362 1441 395 1494 ln
407 1460 514 1496 summa
525 1443 597 1507 sede,
610 1461 672 1497 curn
682 1442 891 1496 Immortalibus.

362 1528 469 1597 Elapsae
474 1529 532 1598 jam
544 1529 645 1583 abeunt
656 1528 761 1583 vivendi
775 1528 858 1582 borae.

363 1614 464 1669 Ridens
477 1616 602 1670 moriarn.

213 1728 299 1797 Non
332 1736 406 1798 tarn
435 1729 555 1799 Poetae
585 1732 742 1799 vividum
771 1727 963 1822 ingenium,
992 1752 1095 1818 quam
1126 1727 1214 1796 veri-

161 1852 276 1913 tatem
304 1844 416 1932 ipsam
443 1845 645 1914 ferocientis
669 1844 778 1914 animi
804 1866 1005 1935 expressam
1030 1843 1213 1932 verbisque

162 1959 319 2028 effictam
333 1960 471 2028 videtis.
509 1958 640 2050 Neque
653 1959 767 2040 aliter,
782 1961 840 2050 qui
855 1959 988 2050 primus
1005 1959 1042 2026 iu
1055 1958 1215 2026 ardentia

163 2073 233 2156 illa,
249 2072 474 2146 Americanis
493 2072 838 2165 septentrionalibus
855 2072 1010 2165 vulgata,
1028 2073 1163 2163 erupit:

364 2190 383 2214 “
399 2185 442 2238 En
455 2202 502 2239 cor
512 2183 677 2254 impavidum
689 2193 787 2248 manet,

435 2271 493 2323 Nec
505 2269 588 2324 taedas
600 2287 693 2333 renue,
706 2287 755 2324 nec
767 2278 857 2324 metuo
869 2271 946 2322 mori.

401 2356 430 2409 Si
443 2374 523 2427 quem
534 2357 597 2410 talia
607 2357 737 2420 territant,

436 2442 486 2494 Est
498 2441 550 2504 ille,
563 2451 604 2495 est
615 2441 719 2504 mulier,
733 2459 780 2495 seu
792 2441 858 2512 quid
869 2441 988 2495 inertius.

400 2527 506 2581 Fortem
518 2528 614 2591 vivere,
628 2545 675 2581 seu
687 2528 764 2592 mori,

436 2613 510 2672 Quid
521 2614 619 2668 refert?
654 2613 739 2667 Furiis
753 2614 794 2666 0!
813 2615 895 2668 modo
907 2615 1007 2684 perciti,

401 2700 475 2753 Diris
487 2700 600 2762 attoniti,
612 2699 709 2753 cadant

436 2787 552 2841 Hostes!
573 2787 599 2839 0
611 2787 714 2840 utinam
727 2786 865 2841 candidior
877 2787 932 2840 dies

399 2871 500 2926 'l'radat
512 2873 657 2925 semineces
669 2871 736 2925 mihi

437 2957 616 3021 Mandendos,
630 2959 702 3011 sanie
714 2959 810 3027 pocula
821 2957 942 3011 condiat⁰
951 2963 957 3010 !
966 2960 984 2983 ’'

162 3083 312 3166 Contra,
332 3081 475 3153 Pacifici
493 3079 607 3149 Maris
624 3080 862 3173 indigenae,—

450 3191 512 3246 ἔνθα
523 3192 645 3261 μακάρων

450 3281 530 3332 νᾶσον
541 3276 686 3332 Ὠκεάνιδες

449 3363 525 3434 αὖραι
536 3363 754 3432 περιπνέουσιν-

166 3454 375 3524 mollissimo
411 3454 605 3523 carminum
639 3475 770 3544 genere
804 3452 970 3524 dicuntur
1003 3456 1076 3527 uti:
1113 3458 1216 3550 quale

167 3579 272 3639 extat
297 3569 386 3639 illud
410 3570 531 3639 naeniae
555 3568 805 3659 fragmentum,
833 3569 946 3662 reguli
972 3572 1154 3662 cujusdam
1180 3577 1217 3645 in

166 3686 291 3754 funere
309 3686 463 3754 cantati:

369 3798 388 3822 “
400 3793 557 3863 Ttanquilla
567 3793 682 3863 trepidat
693 3794 779 3848 imber
790 3795 818 3848 in
830 3795 911 3849 masis
922 3797 989 3859 loca,

440 3879 572 3932 Moerente
583 3880 668 3949 patria
680 3879 845 3950 Principem:

399 3964 518 4017 Imbrem
526 3969 672 4019 vocemus?
691 3983 725 4018 an
733 3968 850 4037 lacryma
858 3977 948 4021 manat
958 3970 1018 4032 Dei,

440 4050 496 4109 Qui
507 4060 599 4105 nostra
610 4069 716 4123 cunque
727 4061 874 4123 temperati>
882 4056 913 4107 ?'’

203 4197 220 4227 ¹¹
233 4190 296 4244 Vid.
310 4189 355 4244 Ol.
370 4190 485 4245 Wormii
496 4192 605 4262 Aotiqn.
619 4194 690 4246 Dan.
703 4212 730 4262 p.
745 4209 806 4264 205,
818 4195 844 4248 6.
872 4195 924 4249 Hic
936 4214 1021 4266 pauca
1033 4196 1156 4267 quaedam
1168 4199 1217 4251 im·

167 4259 299 4313 mutanda
311 4259 384 4324 duxi,
398 4262 487 4315 nescio
500 4279 535 4314 an
546 4262 671 4331 ineptius,
685 4263 834 4318 Latinitatis
846 4282 934 4319 causa.

201 4336 212 4359 ⁰
225 4328 394 4393 Charlevoix,
406 4331 450 4384 La
459 4331 560 4384 fbaocc
572 4333 704 4395 Noovelle,
716 4342 736 4386 t.
749 4334 786 4387 iii.
796 4353 822 4404 p.
837 4351 897 4405 243.

202 4407 217 4445 Ρ
231 4399 308 4462 Ellis,
321 4400 479 4468 Polyncsion
492 4401 657 4464 Researcber,
670 4403 723 4455 vol.
736 4403 754 4456 i.
767 4422 793 4473 p.
806 4418 868 4474 531.

669 4482 731 4543 nt
