2738 4866
215 321 257 382 14
356 320 431 398 Quae
445 320 485 381 sit
499 319 533 379 in
547 319 605 380 leuc
619 339 650 378 ro
666 320 711 379 cis
725 319 898 401 quotidiani
913 320 1085 381 Sermonis:
1123 342 1217 383 rnna.
1232 344 1264 384 11,

214 487 351 557 lecticis
369 487 505 576 loquar)
524 488 584 554 sed
607 509 652 555 ex
678 488 894 578 proprietate
912 489 1074 579 quadam,
1092 500 1155 557 aut
1173 450 1267 580 ejud-

213 603 309 671 modi
324 611 420 670 certe
434 602 611 691 adjuncto,
623 603 718 691 quod
732 603 883 692 separari
897 604 956 671 vix
971 605 1090 693 possit,
1103 605 1265 674 vocabuli

214 717 319 796 illius,
339 716 467 785 Poesiu
496 717 586 797 dico,
608 718 679 784 vim
707 718 884 807 aucupari.
939 718 1123 800 Quocirca,
1148 721 1175 788 si
1206 722 1264 790 cui

214 832 305 900 forte
333 842 486 900 vestrum
513 839 575 900 aut
598 833 817 925 arrogantius
843 856 948 924 agere
973 835 1187 916 videbamur,
1206 837 1264 925 qui

214 947 317 1015 aliter
335 948 379 1014 de
403 947 469 1015 hac
487 970 523 1014 re
538 946 780 1036 loqueremur,
799 971 840 1016 ac
862 950 981 1039 magui
1003 948 1087 1016 olim
1104 950 1264 1020 homiues

214 1062 424 1142 sensissent3
451 1071 512 1129 aut
536 1061 780 1140 inconsultius,
799 1064 857 1152 qui
879 1063 1094 1153 amplissimo
1115 1065 1264 1134 aedificio

214 1176 321 1244 exilia
349 1176 447 1265 quasi
475 1177 709 1245 fundamenta
730 1179 953 1267 jaceremus:
983 1181 1127 1252 omniuo
1156 1181 1186 1248 is
1210 1181 1263 1247 in-

215 1291 354 1383 telligat
381 1291 498 1372 velim,
526 1292 575 1360 ita
603 1314 667 1359 nos
692 1303 813 1360 nostra
843 1294 1061 1384 comprobari
1093 1294 1195 1374 velle,
1223 1303 1263 1362 ut

214 1407 309 1475 salva
334 1415 501 1474 maneant
525 1416 732 1476 caeterorum
745 1409 846 1496 jura3
874 1409 925 1476 ita
951 1432 1029 1476 eam
1047 1432 1153 1499 quam
1172 1418 1262 1479 trac-

213 1532 330 1590 tamus
349 1521 568 1611 voluptatem
587 1522 748 1612 proxime
766 1545 787 1590 a
805 1521 908 1590 Poesi
923 1522 1105 1604 collocare,
1126 1533 1165 1592 ut
1185 1548 1261 1616 spa

212 1638 303 1706 tium
327 1646 448 1706 tamen
474 1638 638 1706 omnibus
666 1636 885 1728 relinquatur
907 1640 1126 1720 imitationis,
1152 1640 1261 1730 phau·

213 1753 324 1833 tasiae,
342 1775 570 1821 numerorum
588 1751 773 1821 illecebris.

265 1868 369 1950 Quod
383 1876 504 1935 autem
522 1867 662 1957 proprio
679 1868 822 1936 nomine
841 1869 1020 1936 Poeticam
1040 1868 1259 1959 voluptatem

214 1983 381 2075 appellari
416 1982 620 2071 volebamus
648 1982 755 2064 illam,
784 2007 865 2072 quae
896 1985 931 2051 in
962 1983 1145 2052 affectibus
1180 1986 1261 2053 sub-

214 2099 372 2168 levandis
396 2109 503 2187 atque
530 2098 566 2165 iu
595 2106 716 2165 mente
743 2097 930 2166 mulcenda
954 2099 1116 2188 ponitur3
1148 2098 1260 2167 nolite

214 2224 340 2306 putare
366 2237 429 2283 nos
455 2223 517 2283 aut
547 2214 787 2303 imprudentes
818 2221 880 2282 aut
907 2215 1024 2282 studio
1054 2213 1173 2303 aliquo
1200 2216 1260 2284 ab·

213 2339 332 2420 reptos
350 2330 490 2399 dixisse.
526 2327 703 2410 Diximus,
721 2329 933 2418 quotidianis
950 2328 1133 2397 hominum
1152 2331 1261 2398 sensi-

214 2446 279 2514 bus
313 2456 351 2513 et
385 2444 563 2513 communi
591 2444 778 2512 verborum
813 2467 879 2512 usu
909 2445 1001 2512 freti.
1054 2444 1157 2526 Quod
1188 2468 1259 2535 quo

213 2561 350 2652 planius
366 2561 439 2641 fiat,
458 2582 573 2650 quaeso
597 2583 618 2627 a
641 2559 749 2639 vobiS,
767 2557 985 2639 Academici,
1004 2567 1045 2627 ut
1063 2560 1153 2657 detis
1170 2561 1258 2628 mihi

212 2675 303 2743 hauc
326 2675 475 2755 veniam,
497 2682 539 2742 ut
566 2673 762 2764 paullulum
784 2673 890 2741 hodie
910 2675 957 2773 de
981 2675 1038 2742 via
1060 2673 1257 2754 deflectam,

212 2801 249 2858 et
272 2814 435 2880 quaeram,
458 2787 637 2880 aliquanto
664 2788 811 2856 fortasse
834 2786 1007 2869 subtilius,
1031 2811 1191 2877 quaenam
1213 2791 1259 2857 sit

213 2908 263 2974 vis
281 2930 321 2976 ac
339 2906 428 2974 ratio
444 2905 539 2975 verbi
557 2905 667 2985 istius,
681 2902 848 2984 Poeticae,
863 2903 978 2972 alieno
996 2903 1073 2971 loco
1091 2903 1257 2986 adhibiti3

212 3030 287 3090 tum
303 3023 338 3088 iu
357 3021 536 3088 communi
555 3019 638 3098 vita,
656 3028 733 3086 tum
752 3019 788 3085 in
807 3019 941 3087 caeteris
959 3018 1102 3098 artibuS,
1118 3042 1195 3109 quae
1213 3021 1257 3088 ad

210 3130 470 3204 humanitatem
488 3133 679 3223 pertinent.

259 3482 316 3551 Ac
342 3482 495 3572 primum
520 3480 688 3560 omnium,
706 3479 789 3568 quid
816 3501 858 3546 ea
883 3502 953 3545 vox
980 3477 1097 3546 valeat
1123 3480 1159 3546 iu
1186 3482 1256 3549 usi·

179 3637 182 3643 ·
208 3608 285 3668 tato
311 3599 378 3666 hoc
404 3618 565 3666 sermone
587 3596 789 3664 videamus:
815 3618 886 3663 uon
910 3617 980 3684 quo
1005 3594 1254 3664 vocabulorum

208 3714 481 3808 significationes
508 3710 771 3778 ultramodum
801 3710 975 3800 urgendas
1006 3708 1134 3790 velim3
1170 3733 1256 3800 quas

207 3832 350 3923 quidem
385 3827 515 3896 mutari
542 3828 579 3893 in
614 3825 716 3894 horas
747 3833 784 3892 et
814 3825 965 3915 migrare
995 3847 1100 3891 nemo
1132 3827 1254 3907 nescit,

206 3969 321 4037 neque
344 3952 441 4012 certa
467 3941 551 4010 satis
577 3940 629 4009 sui
657 3939 865 4030 plerumque
887 3947 967 4029 post
994 3962 1030 4007 se
1057 3937 1255 4031 relinquere

207 4063 319 4132 solere
336 4058 503 4149 vestigia:
531 4057 592 4125 sed
618 4064 738 4124 tamen
760 4064 814 4124 est
840 4054 965 4144 aliquis
992 4077 1112 4123 earum
1139 4059 1256 4126 sanior

206 4200 289 4248 usus
312 4197 353 4244 ac
376 4173 602 4264 prudentior3
629 4194 733 4261 quem
754 4171 812 4261 qui
835 4170 978 4238 omniuo
1001 4169 1254 4262 negligendum

205 4288 370 4388 putetis
396 4287 554 4379 profecto
578 4285 790 4377 singularem
815 4287 990 4374 quendam
1017 4286 1164 4365 aditum,
1184 4310 1254 4377 quo
