2738 4866
162 346 298 400 uacum
509 324 637 388 dicitius
650 325 855 411 matompbri.
1145 330 1209 396 157

160 498 306 587 praemia
337 506 591 590 proponuntur,
620 522 744 569 verum
773 500 883 570 etiam
913 499 949 567 in
977 499 1096 570 medic
1122 523 1210 592 prae·

161 608 290 679 licrum
325 612 475 695 turbine,
510 636 592 682 cum
627 613 688 682 vix
720 615 757 682 in
790 613 922 683 talibus
956 613 1058 684 otiari
1093 614 1208 686 solent

160 725 336 798 homiues.
390 728 504 800 Verbi
522 751 637 809 causa,
655 728 829 821 supplicat
847 728 989 822 Lycaon
1007 727 1185 800 Achillib:

301 920 359 976 ἀντί
370 943 410 976 τοι
421 920 469 992 εἶμ’
483 922 577 986 ἱκέταο,
590 923 742 993 Διοτρεφές,
755 924 871 977 αἰδοίοιο.

300 1009 353 1079 πάρ
366 1009 416 1080 γάρ
428 1032 473 1065 σοι
484 1012 578 1084 πρώτην
589 1011 712 1079 πασάμην
724 1009 872 1081 Δημήτερος
883 1011 962 1081 ἀκτήν

301 1099 377 1164 ήματι
389 1099 434 1170 τῷ,
447 1095 490 1150 ότι
501 1095 527 1165 μ’
541 1092 612 1153 εἷλες
623 1096 754 1166 ε’ὔκτιμένη
767 1097 794 1151 έν
806 1097 876 1166 ἀλωή

301 1183 344 1235 καί
353 1205 386 1252 με
394 1182 539 1251 πέρασσας,
552 1182 656 1238 άνευθεν
667 1184 737 1255 ἀγὼν
748 1187 846 1255 πατρός
859 1207 887 1238 τε
898 1185 985 1255 φίλων
996 1208 1035 1249 τε,

303 1271 404 1338 Λῆμνον
417 1270 443 1327 ές
454 1267 572 1341 ήγαθέην·
592 1272 761 1340 ἑκατόμβοιον
772 1271 802 1324 δέ
813 1293 853 1325 τοι
865 1270 960 1342 ἦλφον.

160 1434 247 1504 Non
275 1441 330 1504 est
356 1435 489 1504 veritus
512 1433 584 1504 tale
605 1433 737 1524 aliquid
762 1435 799 1503 in
822 1457 861 1504 re
883 1437 1039 1505 maxime
1065 1435 1206 1530 lugubri

158 1550 322 1622 intexere
334 1562 358 1621 ⁰.

295 1719 347 1777 ‘sse
357 1723 372 1775 ό
383 1721 431 1791 μέν
442 1721 500 1776 αὖθι
511 1721 602 1776 πέσων
612 1719 753 1791 κοιμήσατο
765 1722 878 1791 χάλκεον
889 1721 978 1786 ὕπνον,

301 1808 411 1878 οόκτρδς,
422 1808 475 1863 ἀπὸ
487 1811 602 1878 μνηστῆς
613 1809 722 1880 ἀλόχου,
734 1808 856 1864 ἀστοῖσιν
868 1807 980 1882 ἀρήγων,

216 1963 218 1965 ¹
302 1895 437 1964 κουριδίης,
450 1894 480 1964 ds
491 1897 547 1950 οὔτι
559 1897 635 1966 χάριν
645 1892 695 1958 lte,
707 1895 796 1950 πολλά
808 1894 831 1949 δ’
843 1896 947 1950 ἔδωκεν·

301 1981 383 2052 πρῶθ’
396 1983 486 2036 έκοτδν
497 1985 562 2048 βοῦς
574 1982 662 2045 δῶκεν,
675 1982 763 2036 ἔπειτα
775 1981 804 2035 δέ
815 1980 880 2052 χιλό
893 1983 994 2052 ὑπέστη

300 2065 375 2140 αἶγας
387 2070 450 2138 ὁμοῦ
462 2071 504 2122 καὶ
515 2069 562 2132 όῖς,
574 2069 606 2122 τά
618 2069 642 2121 ol
654 2066 756 2122 ἄσπετα
766 2068 940 2138 ποιμαίνοντο·

301 2154 332 2223 δή
345 2157 403 2209 τότε
414 2153 439 2226 γ’
449 2153 583 2226 ’λτρεέδης
592 2153 759 2224 Ἀγαμέμνων
771 2154 924 2225 ἐξενάριξεν.

159 2308 297 2379 Passim
322 2332 436 2402 gazas,
462 2309 561 2393 ebur,
582 2311 735 2402 pretiosa
756 2312 927 2401 cujusque
946 2310 1105 2392 κειμηλία,
1123 2325 1211 2382 cum¹

156 2448 278 2498 amore
296 2427 449 2516 quodam
474 2433 635 2495 recenset
660 2435 768 2518 atque
793 2426 926 2495 laudat.
978 2426 1106 2510 Qualia
1123 2435 1206 2496 suut

156 2542 219 2612 illa
237 2542 283 2613 de
300 2541 440 2634 poculo,
458 2564 528 2632 quc
545 2541 591 2611 ad
608 2542 792 2612 libandum
808 2564 895 2612 usus
911 2550 965 2612 est
982 2539 1178 2612 Achillesd.

303 2761 466 2778 ..........
475 2723 560 2792 χηλοῦ
573 2721 595 2776 δ
608 2721 659 2775 ἀπὸ
670 2721 737 2792 πῶμ’
750 2722 862 2796 ἀνέῳγεν

300 2811 387 2878 καλῆς,
400 2808 543 2878 δαιδαλέης,
555 2807 638 2878 τήνοὶ
651 2809 726 2864 θέεις
736 2809 899 2880 ἀργυρόπεζα

300 2893 355 2964 θῆκ’
368 2894 411 2949 ἐπὶ
422 2897 482 2964 νήος
493 2895 612 2966 άγεσθαι,
625 2894 654 2949 έῦ
665 2894 794 2963 πλήσασα
804 2898 929 2965 χιτώνων,
957 2920 958 2923 ’

300 2981 431 3050 χλαινάων
441 2978 464 3034 τ’
477 2981 681 3051 ἀνεμοσκεπέων,
694 2984 778 3035 οὔλων
790 3004 818 3035 τε
830 2981 957 3050 ταπήτων·

299 3066 361 3120 ἔνθα
372 3065 403 3120 δέ
413 3068 438 3120 οἱ
450 3067 528 3124 δέπας
540 3068 601 3123 έσκε
613 3067 774 3139 τεπνγμένον,
787 3069 846 3122 οὔδε
859 3090 898 3124 τις
909 3067 991 3123 ἄλλος

298 3152 352 3208 οὔτ’
364 3154 463 3224 ἀνδρῶν
474 3154 596 3210 πίνεσκεν
607 3153 649 3208 ἀπ’
662 3155 741 3208 αὐτοῦ
753 3151 849 3207 αἴθοπα
860 3151 937 3217 οἶνον,

299 3244 358 3294 οὔτε
370 3262 420 3315 τειρ
433 3241 579 3297 σπένδεσκε
590 3241 665 3305 θεῶν,
677 3239 721 3293 ότε
733 3241 767 3309 μή
781 3237 825 3293 Διῒ
833 3239 922 3309 πατρί.

196 3395 305 3480 Quid,
318 3396 413 3488 quod
428 3394 579 3478 Priamo,
593 3394 706 3464 filium
721 3395 756 3463 iu
770 3395 955 3486 exsequias
967 3395 1204 3487 redempturo,
1299 3423 1304 3431 ·

156 3512 265 3582 etiam
289 3512 326 3580 in
350 3511 513 3581 laudibus
529 3512 612 3602 poni
631 3512 781 3592 videtur,
799 3510 896 3601 quod
915 3517 1047 3601 paterae
1065 3511 1204 3580 cuidam

155 3626 384 3720 splendidiori
401 3649 472 3696 uon
489 3626 706 3718 pepercerit?
741 3625 847 3721 Quid,
862 3624 957 3716 quod
971 3625 1080 3695 semel
1097 3635 1206 3716 atque

156 3741 298 3824 iterum,
326 3741 490 3811 maximis
519 3749 558 3810 et
586 3741 791 3810 miserrimis
818 3741 855 3809 in
883 3740 999 3822 rebus,
1025 3741 1134 3809 etiam
1160 3741 1206 3810 de

157 3857 296 3926 exuviis
321 3858 471 3928 armisve
497 3855 642 3949 pulvere
659 3857 801 3926 foedatis
818 3856 859 3926 fit
880 3854 1045 3947 querela?
1097 3853 1205 3938 Quid,

156 3993 307 4062 quorum
332 3973 488 4041 maxime
509 3972 622 4063 gratia
639 3972 779 4040 fortiter
796 3971 1036 4039 dimicandum
1048 3969 1104 4038 ait
1124 3968 1208 4040 Sar··

155 4087 285 4179 pedon,
302 4110 420 4157 nonne
446 4109 488 4156 ea
511 4094 594 4155 sunt
620 4109 697 4179 quac
720 4086 827 4155 militi
851 4085 1004 4177 cuipiam
1029 4085 1073 4155 de
1096 4107 1205 4178 grege

263 4328 275 4366 ¹³
293 4329 326 4384 11.
339 4331 392 4385 xxi.
407 4343 450 4401 75.
622 4338 632 4364 ⁶
651 4331 687 4384 xi.
702 4347 762 4396 241.
935 4328 952 4359 “¹
970 4329 1023 4382 xvi.
1038 4343 1098 4381 221.
1175 4323 1177 4327 ’
