2738 4866
156 328 221 389 184
409 326 456 386 Do
470 325 568 397 ιΕοίἱ,
584 324 677 408 dequo
692 325 794 388 Otreos
807 326 944 410 hospitio.
1054 347 1151 388 numu.
1164 348 1206 387 xi.

208 485 402 578 Pergamus
418 508 501 554 oum
521 483 650 577 Ulysse
667 487 712 554 od
729 486 882 555 insulam
899 486 1065 556 AEolium.
1110 486 1207 556 Nam

157 600 207 670 ibi
236 623 377 691 quoque
406 603 553 670 inventa
590 611 789 686 narrantur,
817 625 894 692 quae
924 603 1053 671 feriant
1087 601 1208 671 oeulos

157 716 405 807 navigantium
440 717 505 784 otii
538 739 668 798 amore,
702 716 858 785 multum
893 717 1037 808 quidem
1078 709 1127 786 ub
1167 740 1209 787 eo

157 832 295 913 diversi,
313 831 408 921 quod
434 831 562 922 agebat
580 830 731 923 Cyclops
747 830 924 900 solitarius
942 833 978 899 iu
996 841 1101 900 antro
1125 856 1208 901 oum

157 946 282 1015 ovibus
311 956 349 1014 et
382 946 537 1037 capellis.
590 945 663 1014 Sed
689 944 868 1015 AEolioum
896 946 985 1015 illud
1014 947 1208 1038 hospitium

157 1062 353 1130 tutissimos
394 1062 487 1129 intra
529 1061 681 1150 parietes
723 1062 936 1142 continetur,
976 1063 1209 1153 proximeque

157 1177 295 1245 accedit
312 1176 355 1245 ad
373 1176 514 1245 civilem
533 1175 673 1244 vivendi
692 1186 883 1245 normemy.

301 1374 465 1388 ..........
474 1337 562 1388 πᾶσαν
574 1334 604 1387 δέ
615 1334 645 1387 τέ
655 1357 698 1401 μιν
710 1335 770 1405 πέρι
782 1339 869 1405 τεῖχος

297 1420 417 1489 χάλκεον,
430 1418 566 1488 ἀρῤηκτον,
576 1420 660 1488 λισσὴ
673 1420 696 1474 8
708 1420 865 1491 ἀναδέδρομε
879 1422 970 1492 πέτρη.

299 1509 345 1558 τοῦ
357 1507 399 1558 καλ
410 1506 510 1559 δῶδεκα
520 1507 610 1562 παῖδες
621 1507 659 1560 ε’νὶ
670 1508 793 1577 μεγάροις
803 1509 940 1578 γεγάασιν,

300 1588 330 1656 ἓξ
340 1589 388 1658 μέν
400 1589 547 1660 θνγάτερες,
560 1589 590 1659 ἓξ
602 1588 624 1643 8
638 1589 704 1647 υἵεες
715 1591 851 1658 ἡβόοντες.

300 1673 360 1728 018
373 1675 423 1728 αἰεὶ
434 1678 505 1746 παρὰ
516 1678 596 1746 πατρὶ
607 1678 680 1751 φίλῳ
693 1679 734 1730 καὶ
744 1677 835 1747 μητέρι
847 1677 922 1745 κεδνῇ

299 1763 436 1816 δαίνυνται·
454 1765 524 1831 παρὰ
536 1763 567 1816 δέ
577 1765 645 1833 σφιν
657 1764 758 1817 ὀνείατα
769 1763 847 1834 μυρία
860 1766 950 1818 κεῖται·

299 1851 423 1917 κνισσῆεν
434 1848 464 1901 δέ
475 1871 503 1902 τε
516 1849 588 1918 δῶμα
599 1851 835 1920 περιστεναχίζεται
847 1850 914 1916 αὐλῇ

299 1941 390 2008 ἤματα·
409 1936 500 1993 νύκτας
511 1936 534 1990 8
546 1936 607 1991 αὖτε
618 1937 678 2008 παρ’
693 1938 791 2005 αἶδοιῇς
802 1937 944 2006 ἀλόχοισιν

300 2023 413 2087 εὕδουσ’,
425 2025 453 2078 έν
465 2046 493 2077 τε
504 2025 602 2092 τάπησι
614 2025 655 2077 καὶ
668 2024 695 2077 ἕν
705 2027 809 2094 τρητοῖς
819 2022 970 2093 λεχέεσσιν·

300 2112 342 2163 καὶ
352 2111 400 2180 μὲν
411 2116 462 2164 τῶν
474 2110 599 2179 ἱκόμεσθα
609 2113 689 2164 πόλιν
699 2111 742 2163 καὶ
752 2110 858 2178 δόματα
871 2108 945 2162 καλά.

298 2198 365 2266 μῆνά
377 2218 406 2250 τε
416 2198 499 2250 πάντα
510 2196 587 2266 φίλει
598 2218 639 2264 με,
652 2193 693 2249 καὶ
705 2195 844 2265 ἐξερέεινεν
855 2194 961 2248 ἕκαστα.

210 2328 377 2397 Proxime
397 2327 443 2396 ab
459 2323 569 2395 AEolo
589 2327 686 2395 veuit
703 2326 828 2406 Ciroe3
846 2331 944 2413 (num
963 2323 1211 2415 Laestrygonus

159 2443 247 2513 nihil
264 2464 390 2524 moror,
402 2464 474 2510 non
491 2463 705 2534 magnopere
717 2440 787 2510 hue
800 2441 1047 2532 pertinentes).
1085 2435 1210 2528 Atque

160 2561 268 2627 etiam
286 2559 323 2626 in
346 2559 388 2627 iis
406 2580 483 2647 quoe
506 2565 589 2625 sunt
613 2558 658 2627 de
679 2555 799 2625 Circes
824 2555 938 2624 insule
962 2576 1035 2624 non
1057 2552 1210 2622 diffiteor

159 2696 327 2764 apparere
353 2673 619 2763 quaedam,quae
639 2678 800 2740 anostra
822 2670 959 2739 ratione
985 2690 1058 2736 non
1083 2666 1212 2735 leviter

160 2789 346 2858 dissentire
364 2789 560 2856 videantur.
613 2786 758 2854 Etenim
784 2786 844 2876 qui
871 2783 956 2853 elias
981 2783 1083 2852 ardet
1110 2783 1210 2851 inex-

160 2905 257 2996 pleta
279 2905 400 2995 patriae
426 2902 581 2970 visendae
606 2903 781 2992 cupidine,
805 2902 835 2971 is
860 2901 896 2968 in
922 2899 1069 2991 magieis
1100 2898 1207 2998 atriis,

160 3021 308 3089 nimium
327 2999 513 3109 patienter,
532 3018 709 3108 integrum
728 3025 916 3086 cunctetur
933 3037 1077 3083 annum.
1117 3015 1207 3083 Tum

160 3136 268 3204 etiam
298 3156 369 3201 non
403 3132 508 3213 uitro,
537 3132 599 3200 sed
630 3132 802 3199 comitum
835 3130 999 3221 precibus
1028 3129 1206 3220 fatigatus,

161 3236 290 3319 Divom
314 3256 416 3340 rogat
433 3247 574 3316 veniam
598 3247 763 3335 abeundi.
816 3246 943 3335 Itaque
968 3245 1023 3314 vel
1049 3244 1108 3313 hio
1131 3244 1207 3312 dor-

159 3364 303 3432 mitasse
320 3363 490 3432 dicendus
513 3369 568 3431 est
593 3360 783 3442 Homems,
804 3358 862 3429 vel
887 3361 923 3428 id
947 3359 1015 3427 erit
1038 3380 1207 3427 excusau-

88 3550 95 3556 ,
160 3480 256 3560 dum,
273 3478 368 3568 quod
385 3476 502 3567 aliquo
519 3477 597 3545 loeo
615 3476 719 3545 dooet
738 3474 937 3544 Mercurius
955 3473 1161 3566 Ulyssem³:

301 3622 362 3676 ἔνθα
374 3623 408 3676 σὺ
420 3620 505 3690 μηκέτ’
518 3620 596 3674 ἔπειτ’
609 3619 787 3687 ἀπανήνασθαι
790 3659 919 3674 ........

302 3705 373 3777 ὄφρα
385 3706 414 3760 κε’
425 3728 465 3759 τοι
476 3705 546 3775 λύσῃ
559 3705 582 3760 θ
596 3707 709 3775 ἑτάρους,
722 3706 799 3758 αὐτόν
810 3727 838 3758 τε
851 3705 974 3774 κομίσσῃ.

162 3827 343 3896 Diuturna
369 3850 468 3896 mora
498 3827 669 3918 placanda
694 3833 771 3894 erat
797 3825 909 3903 Circe,
936 3845 981 3891 ne
1011 3846 1084 3891 non
1116 3824 1203 3890 viam

162 3943 313 4031 aperiret
331 3951 409 4010 tum
426 3942 471 4011 ad
487 3941 656 4010 Tiresiam
674 3948 752 4009 tum
770 3940 815 4010 ed
834 3939 1006 4010 Ithacam.

213 4055 388 4126 Praeterea
412 4057 510 4126 miris
535 4058 648 4125 modis
674 4055 792 4125 lassati
819 4078 860 4125 ao
879 4055 997 4124 vexati
1014 4054 1203 4145 tetigerunt

303 4328 313 4361 ¹
332 4319 384 4374 Od.
397 4321 432 4373 ix.
446 4338 472 4389 3.
939 4331 948 4352 '¹
966 4341 992 4374 x.
1006 4337 1068 4391 297.
