2738 4866
156 341 253 382 nunu.
265 341 318 382 vn.
418 321 539 384 Pietate
552 321 666 385 ίονιίίιιι·
680 321 949 405 Achilliaferociu.
1166 323 1209 390 99

158 487 257 559 Nam
273 489 439 581 primum,
457 490 493 560 id
512 492 606 583 quod
623 493 709 562 satis
725 494 814 584 jam,
837 501 879 560 ut
901 492 1050 572 videtur,
1069 491 1207 581 exposi-

156 612 234 674 tum
252 604 401 686 hebetia,
417 606 602 699 mitigatur
616 609 886 698 quodammodo,
902 607 956 677 his
982 606 1206 698 interpositis,

156 744 237 789 acer
279 720 340 789 ille
383 720 501 814 fulgor
538 723 754 794 fortitudinis
797 724 983 815 plusquam
1025 722 1204 790 humanae.

157 834 364 906 Mulccmur
387 830 512 906 'nescio
543 861 612 928 qua
642 838 840 923 dulcedine,
867 863 948 909 cum
979 837 1073 930 apud
1104 835 1205 904 illum

157 952 264 1020 etiam
282 953 465 1034 invictum,
484 953 670 1035 immitem,
689 954 955 1034 inexorabilem,

299 1079 369 1134 Sunt
380 1081 505 1151 lacrymae
516 1098 614 1145 rerum,
627 1090 654 1136 et
665 1091 784 1137 mentem
794 1084 916 1137 mortalia
927 1090 1052 1153 tangunt.

219 1200 360 1272 Deinde
390 1203 486 1273 aliud
512 1203 570 1273 hio
600 1207 882 1275 animadvertere
911 1206 1008 1287 licet,
1035 1226 1105 1294 quo
1134 1224 1206 1269 uno

156 1318 313 1386 maxime
335 1318 425 1388 solet
451 1318 611 1389 emolliri¹
628 1322 828 1390 ardentium
854 1322 958 1390 nimis
984 1319 1206 1412 ingeniomm

155 1433 305 1502 ferocia:
341 1456 423 1502 oum
455 1435 533 1524 quis
567 1437 626 1526 pio
659 1443 831 1528 gratoque
867 1436 985 1504 animo
1019 1440 1207 1526 parentum

156 1569 301 1617 suorum
340 1556 458 1617 servat
499 1550 718 1619 memoriam.
787 1551 892 1633 Quod
930 1572 973 1619 eo
1015 1547 1128 1640 magis
1170 1546 1208 1613 in

157 1663 304 1733 Achille
331 1666 538 1746 notandum,
567 1688 637 1755 quo
668 1689 739 1735 non
769 1666 880 1746 illum,
908 1666 1008 1736 velut
1038 1663 1206 1743 Hectora,

157 1783 317 1875 conjugis
341 1803 461 1852 amore
487 1789 631 1873 captum
656 1784 759 1876 fingit
785 1783 917 1853 Poeta:
947 1781 1061 1851 voluit
1087 1788 1208 1849 tamen

156 1896 291 1987 pollere
318 1899 354 1966 vi
382 1899 490 1967 animi
518 1899 637 1968 vivida
664 1899 725 1968 illa
755 1908 793 1968 et
821 1900 991 1991 inquieta,
1015 1904 1052 1966 et
1075 1895 1208 1987 cogita-

158 2011 314 2081 tionibus
341 2013 379 2081 in
408 2012 602 2106 longinqua
631 2014 734 2084 ferri:
767 2038 844 2107 quae
870 2016 982 2083 ferme
1011 2009 1207 2081 amantium

158 2125 310 2196 habetur
326 2127 473 2198 indoles.
526 2127 598 2198 Sed
615 2128 714 2199 illam
732 2129 912 2200 Homerus
929 2129 966 2198 in
983 2125 1127 2196 Achille
1144 2145 1207 2193 suo

158 2242 287 2332 partim
309 2243 354 2311 ad
376 2265 431 2312 res
448 2241 594 2312 bellicas
611 2245 799 2328 convertit,
815 2245 944 2336 partim
963 2243 1008 2312 ad
1025 2242 1207 2333 ingentem

158 2366 196 2426 et
212 2356 603 2450 inexplebilemvpatris,
619 2358 783 2442 Patrocli,
798 2360 923 2429 domus
939 2366 1094 2450 paternae
1112 2374 1209 2423 amo-

160 2495 247 2542 rem.
301 2471 429 2565 Itaque
456 2472 525 2543 hoo
550 2474 626 2565 ipso
655 2474 693 2542 in
723 2474 802 2544 loco
830 2473 918 2543 illud
945 2473 1021 2541 fore
1048 2469 1208 2538 omnium

160 2587 425 2657 acerbissimum
461 2587 603 2669 indicat,
639 2590 733 2679 quod
766 2588 989 2659 moriendum
1027 2585 1094 2656 sibi
1132 2590 1208 2653 erat

160 2702 264 2797 νόσφι
291 2701 397 2797 φίλου
423 2700 552 2798 πατρὸς
574 2703 626 2773 καί
655 2707 823 2800 μήτεμος;
859 2712 914 2774 ast
931 2702 1093 2783 Hectori,
1114 2698 1208 2769 male

159 2817 347 2907 aliquando
366 2814 422 2904 (ut
447 2817 504 2904 fit)
531 2819 714 2898 eminenti,
734 2820 854 2888 statim
881 2825 966 2888 ante
987 2816 1107 2886 oculos
1130 2837 1207 2883 ver·

159 2939 283 3001 santur
300 2927 388 2999 ἀστν
404 2961 453 3013 τε,
470 2930 523 3000 καί
539 2931 661 3028 Τρώων
679 2930 814 3026 ἄλοχοι,
830 2931 883 3001 καί
902 2932 997 3013 νηπία
1014 2930 1110 3000 τέκνα
1121 2937 1146 2997 ⁸.

209 3046 327 3116 Immo
345 3055 382 3115 et
399 3046 517 3116 luctus
540 3047 601 3118 ille
623 3072 728 3140 super
746 3047 910 3118 Patroclo
932 3070 1014 3117 oum
1036 3046 1146 3138 patris
1170 3051 1208 3112 et

160 3160 284 3251 patriae
301 3161 474 3231 desiderio
493 3162 694 3233 dulcissime
711 3164 946 3257 conjungitur.

407 3329 415 3342 .
435 3328 442 3343 .
464 3329 470 3343 .
489 3291 520 3344 οὗ
531 3292 579 3360 μέν
589 3293 640 3362 γάρ
652 3314 677 3345 τι
689 3294 831 3363 κακώτερον
842 3290 909 3344 ἀλλο
920 3290 1035 3358 πάθοιμι·

299 3373 354 3428 ott
367 3372 392 3428 εί
402 3396 445 3429 κεν
456 3379 503 3429 τοῦ
513 3379 612 3446 πατρὸς
624 3377 812 3447 ἀποφθιμένοιο
822 3377 957 3445 πυθοίμην,

301 3458 330 3515 ὅς
340 3481 391 3513 που
403 3463 448 3514 νῦν
459 3461 557 3533 Φθίηφι
569 3461 642 3531 τέρεν
653 3463 717 3515 κατὰ
729 3463 838 3532 δάκρυον
850 3461 914 3527 ε’ίθει

299 3543 373 3614 χήτει
384 3546 478 3599 τοιοῦδ’
491 3544 553 3602 υἷος·
573 3547 622 3600 ὁδ’
635 3547 776 3621 ἀλλοδαπῷ
791 3546 828 3602 ε’νί
839 3546 911 3621 δήμῳ

300 3628 383 3685 εἵνεκα
393 3631 528 3703 ῥιγεδανῆς
537 3631 644 3701 Ἑλένης
655 3634 757 3703 Τρωσίν
767 3634 925 3703 πολεμίζωί).

159 3753 355 3844 Interjeota
379 3754 507 3823 deinde
535 3755 718 3824 mentione
747 3754 822 3838 filii,
850 3756 895 3825 ad
925 3765 1063 3847 patrem
1088 3775 1207 3823 rursus

157 3868 380 3936 convertitur
396 3870 529 3939 oratio:

159 3986 162 3990 ⁴
301 3979 348 4048 ἤδη
360 3980 411 4051 γὰρ
423 3981 517 4048 Πηλῆά
528 3979 552 4051 γ’
565 3975 652 4050 ὀίομαι
663 3980 678 4049 ἢ
691 3981 755 4034 κατδ
766 3983 873 4051 πάμπαν

301 4065 432 4134 τεθνάμεν,
443 4068 522 4134 ἤπον
534 4065 627 4120 τυτθὸν
639 4066 677 4119 ε’τὶ
690 4065 775 4132 ζώοντ’
787 4067 942 4136 ἀκάχησθαι,

301 4146 382 4220 γίηριιί
390 4171 418 4202 τε
430 4153 558 4222 στυγερῷ,
570 4151 611 4203 καί
624 4150 686 4220 ε’μην
697 4151 880 4222 ποτιδέγμενον
891 4152 940 4205 alei

301 4234 400 4304 λυγρὴν
411 4233 543 4310 ἀγγελίην,
557 4233 593 4289 ὅτ’
606 4234 795 4306 ἀποφθιμένοιο
806 4235 924 4304 πύθηται.

403 4344 418 4373 ²
437 4335 469 4390 11.
482 4337 518 4391 vi.
532 4338 593 4408 276.
805 4337 820 4374 b
837 4337 891 4390 xix.
904 4353 966 4405 321.

665 4430 691 4477 H
712 4433 732 4478 2
