2738 4866
155 335 249 377 rann.
260 335 304 376 x1.
356 311 459 396 Ulyssi
472 311 638 394 orroatifit
651 307 769 374 οόοιαιιι
782 307 890 392 ιιόιηιιε
905 306 1016 371 Otium.
1139 303 1199 365 181

156 484 263 555 Alter
289 507 415 577 specus
444 484 599 576 apertior
628 493 705 552 erat
734 490 772 551 et
801 480 915 561 latior,
939 488 976 549 et
1001 476 1204 547 hominibus

156 622 299 670 aeoessu
317 599 472 682 facilior3
498 599 597 690 quasi
614 597 791 689 quoddam
809 595 939 664 atrium
957 592 1203 685 Nympharum

156 715 287 784 sacello
306 723 535 806 praestruatur
543 736 556 797 .;
582 721 690 804 atque
710 712 768 781 hio
785 709 1013 780 heoatombas
1034 731 1113 778 suas
1130 731 1204 778 ore-

157 829 266 898 dibile
284 838 338 898 est
355 837 529 898 mactasse
547 827 761 897 Ithaeenses.
796 825 913 908 Hane,
930 832 972 893 ut
989 825 1074 903 dixi,
1086 823 1205 915 digitis

155 953 329 1014 monstrat
356 943 540 1013 Minerva:
568 943 717 1012 alteram
743 965 814 1011 non
839 942 875 1010 in
903 947 1095 1030 conspeetu
1121 939 1205 1029 poni

157 1060 353 1152 signifieat;

298 1197 344 1267 ἤδι
355 1197 377 1252 δ
391 1197 434 1252 ε’τλ
445 1199 538 1268 κράτος
548 1198 652 1268 λόμενοτ
663 1196 830 1268 τανύφυλλος
841 1195 925 1262 ε’λοίη,

298 1285 392 1356 άγχοθι
405 1283 427 1338 δ’
439 1285 516 1354 αὐτῆς
527 1285 619 1354 ἄντρον
622 1323 856 1340 ..............

156 1405 281 1497 Atque
306 1406 364 1477 hio
390 1408 537 1477 fortasse
561 1408 661 1477 nimii
688 1425 830 1476 sumus:
857 1404 918 1474 sed
935 1414 1065 1475 norunt
1090 1404 1207 1495 periti,

158 1521 372 1610 quaestiones
389 1522 494 1592 hasne
510 1523 548 1591 in
565 1521 750 1590 minutulis
767 1520 872 1589 rebus
890 1519 990 1587 verti.

210 1733 379 1804 Proximo
405 1734 485 1804 loco
510 1733 599 1803 illud
622 1734 691 1803 erit
717 1733 1013 1824 expendendum
1040 1734 1133 1825 quod
1151 1742 1207 1802 tot

159 1872 270 1919 annos
303 1851 531 1943 navigantem
568 1847 744 1942 Ulyssem,
780 1857 835 1919 tot
869 1849 992 1918 littora
1019 1858 1056 1918 et
1089 1858 1208 1941 portas

160 1967 361 2048 devectum,
378 1967 511 2058 ubique
531 1965 643 2034 ferme
667 1965 800 2056 exeipit
817 1965 1048 2056 tranquillum
1066 1964 1207 2032 vivendi

158 2103 358 2174 genuaque
368 2081 421 2162 fit,
431 2088 473 2149 ut
486 2079 585 2149 nullo
595 2103 667 2149 non
677 2089 838 2170 tempore
847 2080 972 2149 subeat
984 2081 1208 2149 moestissima

159 2196 282 2287 patriae
295 2203 333 2264 et
351 2195 416 2265 otii
429 2195 637 2264 recordatio.
664 2194 763 2277 Quot
776 2194 901 2264 habuit
914 2195 1007 2264 orbis
1020 2194 1080 2264 ille
1093 2195 1208 2264 heroi·

158 2331 221 2379 eus
238 2331 370 2401 genera
387 2315 424 2376 et
443 2307 573 2376 formas
590 2330 713 2377 seoure
730 2307 892 2400 degendi,
912 2309 1059 2378 veniunt
1078 2311 1115 2377 in
1133 2312 1208 2401 ejus

157 2423 348 2494 circuitum
374 2422 511 2490 omnia:
539 2444 610 2490 non
631 2422 751 2491 dedita
777 2423 955 2513 scriptoris
980 2446 1094 2514 opera,
1113 2427 1207 2515 quod

158 2537 350 2607 molestum
368 2537 460 2606 foret
483 2559 525 2606 ao
545 2537 721 2628 putidum,
741 2539 801 2606 sed
820 2539 986 2629 quoniam
1004 2540 1055 2609 ita
1071 2539 1208 2610 ferebat

157 2653 269 2722 tacita
285 2653 446 2744 quaedam
467 2652 630 2721 carminis
655 2651 725 2734 lex,
750 2653 958 2743 animusque
983 2655 1034 2722 rei
1060 2655 1208 2746 poetioae

154 2767 308 2838 divinus.

210 2880 399 2974 Principio,
420 2881 649 2974 Lotophagos
666 2883 750 2964 adit,
769 2883 930 2953 homines
951 2885 1208 2976 simplicissima

158 2999 233 3067 vita
249 2999 427 3087 victuque,
447 3005 484 3066 et
501 2997 567 3066 sub
585 2997 720 3066 fervido
739 2997 824 3067 Solo
842 3000 1033 3090 degentes:
1059 3024 1140 3070 nam
1162 3005 1206 3072 ad

155 3132 218 3182 eos
247 3111 515 3181 meridionalem
545 3132 688 3182 cursum
719 3136 847 3182 novem
878 3115 1002 3184 diebus
1032 3139 1053 3185 a
1084 3115 1208 3187 Malea

145 3226 300 3297 oonfioit
318 3225 503 3318 Ulysses⁸z

301 3411 466 3427 ..........
475 3372 555 3443 αι’ντδρ
568 3372 659 3440 δεκάτη
672 3372 800 3441 ἐπέβημεν

298 3456 373 3526 γαίης
385 3458 560 3528 Λωτοφάγων,
573 3456 619 3512 οἵτ’
632 3458 734 3513 άνθινον
746 3458 817 3531 εἶδαρ
829 3460 943 3516 ἔδουσιν.
954 3502 961 3516 .
973 3502 996 3517 ..

300 3539 352 3595 οὔδ’
366 3540 416 3612 άρα
428 3544 584 3615 Λωτοφάγοι
595 3544 700 3614 μήδονά
714 3547 844 3616 ἑτάροισιν
856 3546 967 3618 ὄλεθρον

299 3625 439 3697 ἡμετέροις,
451 3630 522 3683 α’λλά
533 3632 587 3701 σφι
599 3631 681 3686 δόσαν
691 3633 787 3686 λωτοῖο
799 3633 943 3688 πασάσθαι·

299 3718 350 3767 τῶν
361 3711 385 3767 δ’
397 3713 471 3771 ὅστις
482 3718 577 3770 λωτοῖο
590 3717 672 3788 φάγοι
683 3717 806 3787 μελιηδέα
818 3721 924 3789 καρπόν,

298 3797 379 3852 οὔατ’
392 3799 548 3872 ἀπαγγεῖλαι
559 3803 640 3856 πάλιν
650 3803 751 3871 ἤθελεν,
765 3803 824 3857 οὐδὲ
836 3804 949 3868 νεέσθαι,

296 3884 368 3937 άλλδ
379 3884 458 3939 αὐτοῦ
468 3885 598 3950 βούλοντο
609 3886 664 3956 μετ’
675 3889 785 3959 ἀνδράσι
798 3889 999 3960 Λωτοφάγοισιν

298 3970 383 4024 λωτὸν
394 3970 559 4040 ἐρεπτόμενοι
571 3973 686 4043 μενέμεν,
699 3977 794 4030 νόστου
806 3997 834 4028 τε
845 3975 982 4030 λαθέσθαι.

297 4055 358 4111 τοὺς
368 4056 416 4125 μὲν
428 4056 493 4128 ε’γδιν
505 4058 547 4112 ἐπὶ
559 4061 619 4128 νῆας
630 4059 695 4131 άγον
706 4062 841 4117 κλαίοντας
851 4060 955 4132 άνάγιιῃ,

297 4141 373 4207 νηυσὶ
384 4140 407 4195 ό
421 4142 458 4197 ε’νὶ
468 4146 638 4215 γλαφυρῇσιν
649 4147 700 4200 ὑπὸ
713 4149 776 4217 ζυγὰ
787 4149 856 4217 δῆσα
867 4147 990 4216 ε’ρόσσατ.

584 4295 596 4323 ⁸
616 4287 669 4342 Od.
683 4289 718 4341 ix.
732 4290 775 4357 83.
