2738 4866
162 321 255 374 rann.
273 321 316 363 ιν.
357 299 441 377 Quid
452 300 503 374 sit,
518 300 598 382 quod
609 299 819 363 immoratione
832 300 1098 384 lmipuaotPocaia.
1169 304 1210 365 ld

162 471 252 531 tores
292 464 426 553 optime
466 463 581 530 notari
622 462 785 540 diximus,
826 462 959 530 nemini
1003 485 1071 530 non
1115 463 1210 531 ultro

161 585 335 645 occurret.
767 580 770 588 '

211 688 297 759 Huc
321 714 471 781 quoque,
495 713 575 758 mea
595 691 738 779 quidem
762 691 948 769 sententia,
973 692 1210 760 revocandum

160 825 237 872 esse
270 804 360 873 illud
394 804 544 882 videtur,
580 802 674 892 quod
709 804 832 894 saepius
866 803 1054 871 Musarum
1088 804 1210 873 amicis

159 917 360 988 molestiam
379 919 555 1007 quandam
579 917 721 1006 injicere
745 918 858 987 solet:
884 941 965 986 uam
990 942 1112 987 omnes
1138 943 1208 988 non

160 1032 281 1114 semel,
308 1034 443 1123 opinor,
471 1031 679 1112 audivimus,
711 1055 791 1099 cum
815 1042 1045 1122 quererentur
1064 1034 1209 1125 ingenui

159 1145 332 1225 homines,
361 1168 496 1215 cessare
522 1144 716 1236 paullatim,
744 1146 844 1214 annis
868 1146 1076 1227 labentibus
1101 1157 1209 1238 atque

160 1261 195 1328 in
225 1261 377 1331 nihilum
406 1262 548 1329 tandem
577 1260 684 1341 abire,
705 1261 902 1351 juvenilem
930 1262 1027 1330 illam
1057 1262 1209 1332 Poeseos

160 1374 442 1464 contemplandae
460 1373 690 1463 voluptatem.
727 1372 784 1442 Ac
800 1397 845 1442 ne
863 1375 955 1442 forte
973 1377 1207 1466 suspicemini,

160 1489 220 1577 qui
245 1490 297 1557 ita
322 1489 525 1578 loquuntur,
543 1511 722 1577 nunquam
747 1510 869 1558 revera
886 1488 1013 1558 Poesin
1041 1513 1101 1559 eos
1127 1492 1209 1560 ada-

160 1628 283 1686 masse,
311 1606 371 1681 sed
399 1612 551 1684 tanturn,
578 1613 619 1671 ut
649 1604 701 1687 fit,
727 1626 861 1672 morem
889 1606 1035 1695 gessisse
1063 1607 1209 1696 popula-

160 1719 256 1787 ribus
286 1719 432 1800 studiis3
462 1740 552 1786 neve
579 1716 755 1786 Naturam
785 1719 896 1807 ipsam
924 1719 1102 1801 incusetis,
1131 1731 1208 1789 tan-

160 1854 266 1921 quam
288 1855 339 1912 ea,
358 1831 534 1900 novercali
551 1831 702 1920 quodam
728 1832 818 1911 odio,
834 1830 976 1900 delicias
999 1833 1208 1903 mortalibus

159 1946 269 2014 semel
287 1968 470 2014 concessas
486 1945 584 2015 nulla
601 1946 739 2014 ratione
762 1947 916 2014 adimere
934 1946 1065 2029 soleat3
1092 1956 1208 2016 atten-

160 2060 243 2140 dite,
262 2083 391 2151 quaeso,
406 2082 511 2150 quam
530 2069 613 2150 apte
632 2061 750 2127 omnia
767 2083 848 2128 cum
867 2059 994 2128 uostris
1012 2071 1208 2152 congruant

159 2197 200 2243 ac
224 2176 458 2244 consentiant.
509 2173 716 2243 Acrioribus
737 2174 901 2242 videlicet
925 2176 1122 2243 animomm
1147 2178 1208 2244 sti-

159 2290 265 2359 mulis
287 2290 422 2380 (quales
446 2291 556 2358 ferme
583 2297 665 2358 sunt
691 2288 984 2378 adolescentium)
1003 2291 1208 2379 praesentius

159 2404 354 2472 remedium
391 2402 630 2472 adhibendum
665 2410 760 2472 erat:
798 2404 860 2471 sed
891 2412 1049 2471 cessante
1083 2405 1207 2472 morbo

160 2540 295 2586 cessare
312 2519 523 2586 medicinam
542 2540 646 2584 nemo
672 2539 827 2605 unquam
849 2518 1032 2609 indignum
1056 2519 1207 2607 putavit.
1270 2593 1273 2600 ,

160 2632 288 2722 Itaque
316 2641 501 2722 postquam
526 2633 602 2721 ipso
625 2618 786 2721 tempore
813 2632 850 2698 in
879 2653 917 2699 se
942 2633 1072 2700 resedit
1090 2631 1208 2701 Phan-

159 2748 259 2816 tasiae
282 2755 402 2827 aestus,
427 2768 505 2814 cum
532 2755 594 2814 aut
615 2755 777 2814 vctomm
805 2754 985 2835 compotes
1012 2754 1094 2814 sunt
1111 2747 1206 2828 facti,

159 2869 222 2928 aut
245 2883 383 2951 sperare
402 2859 566 2928 desinunt
584 2859 753 2938 homines,
772 2867 835 2926 aut
859 2860 939 2926 vitae
962 2860 1114 2951 negotiis
1137 2860 1217 2929 alio

159 2974 367 3054 trahuntur3
392 2985 470 3041 tum
484 2973 611 3064 frigere
625 2972 816 3042 Poetarum
830 2972 955 3042 lectio:
979 2975 1044 3042 nisi
1059 2974 1206 3062 siquem,

159 3086 270 3155 veluti
297 3088 333 3154 in
358 3109 497 3156 amoeno
525 3087 744 3166 diverticulo,
768 3109 830 3155 seu
854 3088 1009 3178 graviter
1033 3088 1206 3157 imitando

159 3226 200 3271 ac
230 3204 353 3294 perite,
382 3225 443 3272 seu
474 3225 660 3271 numerose
691 3205 860 3283 canendo,
891 3211 1026 3271 tenent.
1091 3203 1207 3295 Igitur

159 3340 229 3385 non
256 3327 330 3386 tam
356 3325 411 3384 est
433 3315 697 3406 deplorandum,
719 3317 804 3385 istas
827 3316 1014 3405 aliquando
1039 3317 1205 3408 languere

159 3432 312 3510 deliciae,
337 3453 443 3520 quam
473 3431 571 3498 lucro
600 3431 860 3521 apponendum,
889 3432 1024 3498 tamdiu
1054 3454 1112 3500 eas
1141 3435 1205 3501 du-

157 3560 262 3628 rasse,
280 3547 448 3637 quamdiu
469 3568 557 3635 opus
577 3546 694 3615 fuerit.
747 3545 834 3627 Quae
860 3569 941 3613 cum
969 3546 1096 3636 cogito,
1114 3546 1204 3614 solet

157 3662 244 3729 mihi
263 3662 298 3728 in
316 3669 472 3729 mentem
494 3661 613 3728 venire
634 3682 727 3728 aurae
749 3659 852 3739 illius,
872 3682 976 3747 quam
995 3682 1040 3727 ex
1060 3658 1204 3728 Oceano

157 3798 262 3845 mane
287 3776 462 3866 adspirare
490 3775 630 3843 torridis
657 3776 756 3845 aiunt
783 3782 952 3841 terrarum
980 3774 1203 3864 regionibus:

153 3890 208 3959 ita
224 3889 329 3980 plane
349 3890 516 3957 torridam
535 3889 616 3956 vitae
634 3896 883 3978 tempestatem
902 3887 1103 3956 dulcissima
1120 3911 1205 3977 qua-

158 4004 239 4072 dam
274 4026 359 4072 aura
389 4002 541 4070 Poeseos
571 4003 764 4094 benignum
796 4001 907 4069 voluit
939 4000 1086 4069 Numen
1113 4011 1204 4071 tem-

158 4117 280 4206 perari.
322 4114 471 4196 Verum,
498 4125 540 4184 ut
569 4116 666 4197 illuc,
694 4116 789 4183 unde
815 4116 896 4194 abii,
923 4125 1098 4186 revertar:
1131 4119 1202 4207 qui,

158 4239 390 4311 senescentes,
409 4232 582 4320 poeticam
598 4230 817 4321 voluptatem
832 4230 1028 4298 desiderare
1042 4251 1079 4297 se
1092 4231 1202 4312 aiunt,

158 4346 241 4436 quid
272 4345 368 4415 aliud
399 4368 503 4436 quam
534 4346 633 4414 taciti
668 4344 851 4413 nobiscum
882 4343 1050 4423 fatentur,
1077 4341 1202 4413 Poesin
