2738 4866
156 334 224 394 158
330 320 653 401 nusiamento,
670 347 690 388 ο
713 322 1012 409 Viryiltopcuqrarce,
1065 339 1161 379 nunu.
1171 340 1200 380 x.

156 498 314 590 apprime
344 489 567 575 conveniant,
594 492 801 585 ‘suscipienti
835 490 881 560 ad
911 498 1053 580 tempus
1087 493 1200 578 partes

156 615 312 685 ductoris
330 611 428 683 suit?
467 621 469 623 ’
627 623 630 627 ’

300 799 394 813 ......
404 739 752 823 '..........mmr'1a‹oea
763 753 880 821 μάλιστα

297 845 357 916 ἕδρη
370 867 398 898 τε
412 843 517 915 κρέασίν
528 841 551 896 τ’
564 840 609 910 ἠδὲ
620 840 720 896 πλείοις
731 840 873 894 δεπάεσσιν

297 931 325 984 ἒν
337 931 424 999 Λυκίη,
436 931 530 984 πάντες
542 929 578 992 δὲ,
592 927 666 983 θεοὺς
677 928 720 990 ὣς,
733 926 896 997 εἰσορόωσιν·

298 1018 340 1071 καὶ
352 1016 456 1085 τέμενος
467 1015 611 1085 νενόμεσθα
623 1014 699 1086 μέγα,
712 1014 822 1070 Ξάνθοιο
832 1011 893 1083 παρ’
905 1011 994 1082 ὄχθας,

298 1105 377 1157 καλὸν
389 1104 517 1173 φυταλιῆς
529 1103 570 1156 καὶ
582 1101 693 1173 α’ροόρης
704 1102 885 1172 πυροφόροιο..
896 1141 902 1154 .
915 1141 937 1155 ..

299 1190 330 1243 οὐ
341 1192 393 1259 μάν
404 1189 507 1257 άκληεῖς
520 1189 613 1257 Λυκίην
626 1189 690 1241 κάτα
701 1186 878 1257 κοιρανέουσιν

298 1275 565 1347 ἡμέτεροιβασιλῆες,
579 1275 669 1329 ἔδουσί
675 1271 708 1329 1τε
718 1275 794 1329 πίονα
805 1269 884 1343 μῆλαη

220 1424 223 1430 ff
300 1358 368 1417 οἶνόν
379 1361 401 1416 τ’
415 1362 525 1430 ἔξαιτον,
537 1361 667 1430 μελιηδέα·
672 1401 836 1417 ..........

161 1502 291 1595 Neque
317 1502 412 1572 aliud
439 1524 562 1572 souare
585 1502 746 1584 dixerim,
765 1502 859 1593 quod
878 1499 1031 1590 Phoenirr
1052 1501 1090 1570 in
1108 1502 1203 1571 donis

160 1627 318 1688 moratur
341 1616 521 1711 sigillatim
545 1617 803 1708 enumerandis,
820 1640 899 1708 quae
924 1616 972 1708 ad
993 1616 1203 1707 placandum

161 1734 386 1828 Meleagmm
404 1728 563 1804 adhibita
580 1727 708 1803 erantf.

211 1847 386 1919 Praeterea
409 1871 480 1917 nou
501 1847 612 1917 semel
639 1848 733 1939 apud
751 1846 951 1918 Homerum
974 1848 1092 1939 ipsum
1111 1846 1204 1942 illud,

162 1963 398 2055 Locupletem
419 1985 507 2046 esse,
526 1963 625 2033 velut
645 1963 852 2055 praeclarum
870 1963 1014 2055 aliquid,
1033 1961 1205 2032 laudatur.

162 2077 415 2149 Andromache
433 2077 621 2175 πολύδωρος
638 2078 868 2171 appellatur&
905 2078 1114 2149 Ericthonio
1131 2100 1207 2168 pro-

162 2219 228 2267 avo
241 2219 279 2264 se
290 2195 406 2285 jactat
419 2182 559 2278 AEueas,
571 2196 665 2285 quod
680 2196 787 2265 fuerit
804 2196 834 2265 is
847 2193 1070 2291 ἀφνειότατος
1089 2198 1207 2296 θνητῶν

161 2297 377 2407 &separavi
429 2310 667 2380 Inveniuntur
696 2313 802 2381 etiarn
839 2311 1100 2394 similitudines,
1135 2332 1210 2400 qua

162 2426 260 2497 haud
287 2426 400 2496 dubie
425 2425 620 2519 splendoris
647 2426 779 2518 aliquid
807 2435 988 2497 arcessunt
1019 2426 1086 2495 sibi
1114 2447 1208 2496 men-

163 2543 266 2612 tione
291 2537 519 2612 divitiarumi.

302 2702 387 2767 Τρῶες
400 2696 431 2760 δ’,
444 2696 507 2751 ὥστ’
520 2693 572 2752 dies
582 2698 764 2765 πολυπάμονος
775 2697 869 2767 ἄνδράς
881 2696 908 2750 ἐν
919 2697 993 2764 αὐλῇ.
1006 2741 1009 2751 .
1043 2743 1045 2751 ,
1062 2745 1064 2749 ,
1080 2744 1081 2748 ,

302 2782 390 2855 μύριοι
402 2786 551 2852 ἑστηκοσιν,
563 2783 736 2854 ἀμελγόμενα
747 2784 820 2854 γαλα-
828 2786 930 2837 λευκόν.

162 2922 265 3005 Tum,
308 2921 435 3012 quibus
476 2930 619 2990 ornatur
656 2920 782 3012 aquilae
820 2922 969 3013 pictura,
1010 2921 1128 2990 missae
1167 2919 1208 2988 ad

165 3036 346 3107 Priamum
363 3037 499 3129 augurii
518 3032 667 3107 causal:

304 3190 375 3259 ὅσση
388 3189 410 3245 δ’
423 3192 576 3270 ὑψορόφοιο
588 3190 653 3263 θύρη
666 3190 793 3262 θαλάμοιο
806 3191 921 3246 τέτυκται

304 3276 394 3347 άνέρος
406 3276 535 3347 ἀφνειοῖο,
549 3275 660 3345 ε’ῦκλὴἳς,
672 3278 789 3349 ἀραρυῖα,

305 3363 383 3418 τόσσ’
396 3362 446 3433 ἄρα
458 3367 504 3418 τοῦ
516 3364 652 3434 ἑκάτερθεν
663 3365 727 3419 ἕσαν
738 3365 834 3435 πτερά,
903 3378 905 3382 “
920 3438 922 3441 v

164 3499 261 3584 Quid
286 3499 424 3571 mul-tal
461 3522 601 3592 semper
625 3507 663 3567 et
688 3500 820 3589 ubique
846 3496 1010 3578 divitum,
1037 3495 1075 3563 ui
1091 3493 1210 3575 fallor,

164 3615 333 3686 clientem
367 3638 546 3710 agnoscas,
580 3614 696 3705 ipsum
735 3636 807 3683 non
845 3612 934 3681 adeo
970 3611 1211 3682 abundantem

165 3733 305 3824 opibus.
337 3771 339 3775 ·
423 3751 425 3754 ’
460 3727 462 3729 ’

184 3842 356 3931 leontia,
376 3846 549 3940 Virgilius
575 3869 645 3936 quo
668 3846 786 3915 animo
809 3846 1001 3915 rusticetur
1025 3867 1098 3914 non
1123 3842 1223 3913 male

164 3959 350 4053 exponunt
367 3985 419 4044 ea,
436 3984 517 4053 quae
535 3961 644 4031 habet
662 3962 796 4032 anricus
814 3961 899 4052 ejus,
918 3957 1105 4029 Horatius.

199 4203 396 4274 eIl.xii.310.
474 4203 534 4260 ‘im
548 4205 609 4276 576.
689 4204 753 4264 rvi,
767 4223 835 4277 394;
855 4205 918 4259 xxii.
932 4206 976 4260 88.
1062 4206 1138 4259 lxx.
1154 4220 1212 4258 220.

163 4276 298 4357 ‘ir-433·
407 4288 508 4344 ¹‘mrim
522 4305 583 4361 317.
