2738 4866
161 351 257 394 aaran.
267 353 299 394 x.
308 331 485 415 pracsertim
498 328 551 393 oti
561 330 691 392 ννίννίνοο
705 349 828 413 quaeqae
837 326 938 390 adon
948 334 1128 389 οαννοννννσ.
1144 325 1206 387 165

303 500 391 554 ἔκδεον
402 499 518 568 ἡμιόνων·
538 500 580 553 ταὶ
592 500 621 553 δὲ
632 499 714 569 χθόνα
724 500 810 552 πόσσι
822 497 953 559 δατεῦντο,

303 586 438 655 ἐλδόμεναι
450 587 558 649 πεδίοιο,
570 587 612 639 διὰ
622 584 722 657 §onmia
733 585 823 638 πυκνά.

162 722 297 814 Ipsum,
325 736 366 794 ut
392 727 524 818 opinor,
550 725 726 794 mularum
753 726 927 793 incessum
953 721 1103 802 habetis,
1130 742 1209 810 pro-

161 841 253 924 vide,
283 851 430 912 etcum
460 843 603 913 delectu
629 842 783 933 quodam
818 864 882 933 per
907 841 1098 933 asperrima
1131 838 1209 908 loca

159 958 408 1046 gradientium.

301 1111 395 1166 πάντες
406 1109 429 1163 d'
441 1111 565 1179 ὑλοτόμοι
577 1110 688 1181 φιτροὺς
699 1110 790 1181 φέρον·
810 1112 843 1165 ὣς
854 1111 905 1180 γάρ
917 1108 1008 1179 ἀνώγει

303 1198 441 1265 Μηριόνης,
455 1197 572 1267 θεράπων
583 1196 745 1267 ἀγαπήνορος
754 1195 905 1265 Ἰδομενῆος·

302 1282 372 1336 κάδδ
385 1281 425 1354 ἀρ’
439 1282 478 1336 ἐπ’
490 1284 567 1352 ἀκτῆς
577 1285 680 1348 βάλλον
692 1283 835 1354 ἐπισχέρω,
847 1282 898 1337 ἐνθ’
911 1281 950 1352 ἀρ’
962 1281 1102 1352 Ἀχιλλεὺς

300 1369 445 1437 φράσσατο
456 1373 601 1441 Πατρόκλῳ
612 1369 679 1441 μέγα
690 1367 771 1440 ἦρίον,
783 1367 827 1438 ἡδὲ
840 1367 868 1422 οἷ
876 1371 954 1441 αὐτῷ.

211 1490 355 1575 Quaerat
384 1493 520 1584 aliquis,
544 1494 629 1585 quid
655 1496 711 1576 sit,
735 1495 828 1585 quod
856 1517 899 1564 ea
923 1502 1109 1585 tantopere
1134 1490 1208 1583 pla-

160 1606 290 1677 ceant?
334 1607 449 1677 Credo
475 1609 651 1699 equidem,
677 1632 749 1678 non
776 1607 890 1678 solum
916 1618 1059 1699 propter
1084 1607 1207 1697 exqui-

160 1721 265 1790 sitam
291 1722 389 1791 illam
415 1723 597 1817 ἐναργείαν,
615 1746 738 1792 verum
765 1724 873 1792 etiam
892 1724 1057 1814 quoniam
1084 1723 1119 1790 in
1144 1720 1207 1789 tali

160 1858 197 1904 re
227 1837 346 1906 nescio
376 1838 554 1928 quomodo
582 1839 871 1929 repuerascimuS,
900 1846 937 1905 et
967 1836 1116 1927 simplici
1146 1834 1207 1904 illa

158 1949 321 2019 intuendi
355 1951 540 2043 voluptate
574 1951 733 2034 fruimur,
769 1974 846 2042 quae
882 1950 1023 2043 vigebat
1061 1952 1208 2019 ineunte

152 2065 229 2155 jam
246 2074 362 2136 aetate.

210 2180 382 2263 Eandem,
414 2184 450 2250 ni
474 2182 587 2265 fallor,
619 2184 787 2253 chordam
816 2183 947 2274 tetigit,
974 2184 1034 2253 ubi
1061 2185 1208 2251 minima

159 2296 278 2364 omnia
308 2295 444 2367 solicite
475 2300 605 2367 narrari
636 2299 793 2378 curavit3
831 2296 929 2365 velut
962 2297 1006 2365 de
1043 2297 1206 2389 Lycaone

158 2412 313 2502 primum
331 2413 376 2482 ab
394 2411 537 2482 Achille
555 2409 694 2504 capt0¹:

303 2583 573 2600 ................
582 2548 627 2600 τόν
638 2545 672 2615 ῥά
683 2544 741 2599 ποτ’
754 2546 830 2601 αὐτὸς

299 2628 345 2700 ἦγε
357 2631 446 2695 λαβὼν
458 2631 486 2683 ἐκ
496 2632 595 2701 πατρὸς
605 2631 691 2700 ἀλωῆς
703 2633 748 2685 οὐκ
760 2631 893 2694 ἐθελοντα,

300 2714 414 2785 ἐννύχιος
425 2719 572 2785 προμόλων·
592 2720 606 2769 ό
618 2716 640 2770 δ
654 2718 750 2787 ἐρίνεον
761 2716 817 2785 ὀξέῖ
826 2720 917 2790 χαλκῷ

299 2803 385 2870 τάμνε,
398 2802 471 2859 νέους
482 2801 604 2872 ὄρπηκας,
616 2800 646 2857 ἵν’
659 2802 772 2874 ἅρματος
783 2804 890 2875 ἄντυγες
901 2801 958 2858 εἶεν·

299 2891 335 2961 τῷ
347 2888 370 2942 d'
382 2887 421 2959 ἀρ’
434 2888 563 2944 ἀνώϊστον
573 2892 649 2944 κακόν
660 2890 741 2959 ἤλυθε
753 2891 807 2946 δῖος
818 2890 964 2960 Ἀχιλλεῦς.

208 3012 387 3094 Quorsum
421 3010 483 3081 illa
516 3012 559 3080 de
594 3012 781 3103 caprifico?
846 3013 1001 3082 Omnino
1036 3013 1205 3105 simplicis

158 3136 236 3198 erat
276 3127 396 3210 animi,
430 3126 516 3196 talia
553 3150 625 3195 non
664 3128 799 3198 indicta
838 3128 1056 3221 relinquere:
1101 3152 1205 3198 nemo

158 3249 256 3312 certe
298 3264 387 3332 puer
428 3264 471 3310 ea
512 3242 685 3311 narrando
729 3245 1025 3334 praetermitteret.
1078 3242 1205 3334 Itaque

158 3358 220 3449 qui
254 3380 371 3427 caram
405 3357 540 3427 habent
573 3356 668 3427 illius
698 3361 812 3428 astatis
841 3361 1060 3441 memoriam,
1090 3383 1206 3453 neque

157 3473 261 3541 inviti
297 3473 333 3541 in
369 3472 498 3542 talibus
532 3482 725 3554 morantur,
760 3497 875 3565 neque
913 3473 987 3544 ulla
1024 3497 1069 3544 ex
1104 3486 1205 3566 parte

156 3587 326 3680 languere
343 3610 386 3656 ea
403 3589 558 3657 carmina
575 3589 743 3656 sentiunt.

209 3812 263 3883 Ut
297 3815 407 3907 igitur
440 3813 628 3906 aliquando
669 3839 851 3907 perorem:
891 3817 1088 3887 Homerum
1125 3827 1203 3886 tum

156 3930 194 3996 in
220 3930 432 4022 imaginibus
458 3929 663 4023 deligendis,
681 3939 756 4000 tum
785 3934 822 4000 in
848 3933 939 4025 stylo
963 3934 1203 4024 temperando,

156 4045 287 4112 mirum
323 4044 360 4112 in
394 4045 540 4113 modum
571 4045 638 4114 sibi
672 4054 843 4130 constare,
874 4056 915 4114 ut
949 4048 1062 4138 siquid
1098 4047 1204 4130 aliud,

155 4158 333 4227 uberrime
374 4159 563 4228 confirmo:
607 4158 695 4228 illud
733 4170 853 4230 autem
889 4185 951 4252 per
984 4164 1103 4232 omnia
1136 4165 1202 4254 agi,

589 4333 596 4364 ¹
617 4332 649 4386 Il.
662 4335 716 4387 xxi.
729 4351 773 4404 35.
