2738 4866
157 353 252 394 rama.
265 353 335 393 vur.
391 331 523 402 Hector,·
548 332 776 414 Apamcmt'w‘tu
801 331 970 394 Diomedae.
1139 332 1223 421 121,

157 503 295 573 effinxit
324 502 445 583 Poeta,
481 503 543 571 sed
576 510 716 571 tantum
753 504 835 575 θεοῖς
868 502 1045 572 ἐπιείκελον
1079 500 1203 598 ἆνόρό;

157 642 274 710 neque
298 642 379 688 cum
398 620 432 686 vi
453 618 522 687 ista
541 617 639 687 fatali
663 618 822 686 fortunas
846 618 921 709 ejus
943 618 1090 688 obscure
1113 628 1204 687 tem-

156 736 304 827 peravit.
358 732 459 804 Nihil
483 735 520 802 in
539 734 697 802 Hectore
713 756 785 801 non
802 733 894 801 forte
914 736 955 803 ¹ac
979 733 1203 824 splendidum

158 862 279 921 sonat:
308 851 369 920 sed
391 852 451 919 vix
477 872 634 940 unquam
662 872 745 917 eum
771 849 866 918 dieas
890 849 983 919 ultra
1007 849 1202 918 humanum

157 969 303 1036 modum
339 988 529 1058 assurgere.
582 962 684 1033 Siout
718 986 810 1033 unus
843 964 1104 1054 paterfamiliae,
1139 987 1203 1055 pro

158 1083 272 1174 patria
288 1082 511 1151 moriendum
530 1080 635 1149 docet
646 1082 674 1148 ff.

306 1226 375 1280 ἀλλὰ
386 1223 496 1295 μόχεσθ
508 1224 552 1279 ’ἐπὶ
564 1227 654 1293 νηυσὶν
666 1225 780 1282 ἀολλέες·
801 1225 829 1283 ὃς
841 1226 872 1280 δέ
882 1249 924 1282 κεν
935 1228 1019 1296 ὑμέων

305 1309 442 1379 βλήμενος,
454 1314 483 1379 ἤε
495 1311 591 1375 τυπεὶς,
603 1311 712 1366 θάνατον
723 1314 765 1366 καί
776 1316 875 1381 πότμον
887 1313 993 1382 ἐπίσπῃ,

306 1396 425 1451 τεθνάτω·
444 1400 476 1450 οὔ
487 1399 511 1450 ol
523 1397 604 1454 ἀεικὲς
615 1397 761 1471 ἀμυνομένῳ
773 1399 833 1470 περὶ
844 1400 942 1469 πάτρης

305 1483 435 1554 τεθνάμεν·
454 1483 513 1537 ἀλλ’
526 1484 623 1556 ἄλοχός
633 1507 662 1539 τε
675 1488 725 1553 σόη
739 1485 780 1539 καὶ
791 1486 880 1541 παῖδες
893 1487 1008 1550 ὀπίσσω,

306 1571 347 1623 καὶ
359 1567 428 1626 οἶκος
439 1572 480 1623 καὶ
492 1573 587 1642 κλῆρος
598 1570 732 1641 ἀκήρατος,
744 1570 769 1625 εί
779 1593 822 1625 κεν
831 1569 934 1642 Ἀχαιοὶ

306 1655 426 1728 οἴχωνται
438 1659 487 1713 σὺν
499 1659 576 1727 νηυσὶ
588 1659 669 1729 φίλην
682 1659 708 1714 ἐς
719 1660 829 1728 πατρίδα
841 1663 925 1731 γαῖαν.

157 1797 327 1869 Conferaa
344 1823 395 1880 ea,
413 1801 540 1892 quibus
559 1800 722 1870 Paridem
740 1798 981 1893 alloquiturh:
1003 1841 1005 1844 <

299 1927 358 1982 ἀλλ’
370 1927 450 1999 ἴομεν·
472 1930 505 1984 τὰ
517 1929 538 1983 δ
552 1927 662 1984 ὄπισθεν
673 1928 839 2000 ἀρεσσόμεθ’,
852 1929 881 1985 αἵ
890 1931 920 1984 κέ
929 1932 990 1986 ποθι
1003 1933 1065 1988 Zeila
1136 1935 1141 1942 ’

298 2012 359 2080 δώῃ,
372 2013 546 2083 ἐπουρανίοισι
559 2013 627 2069 θεοῖς
639 2013 823 2084 αιέιγενετήσιν

297 2099 408 2168 κρητῆρα
420 2097 570 2168 στήσασθαι
583 2099 719 2169 ελεόθερον
731 2099 758 2154 ἐν
769 2099 930 2171 μεγάροισιν,

297 2183 427 2253 ἐκ“Τροίης
438 2184 583 2242 ε’λασόντας
595 2185 745 2255 ἐϋκνήμιδας
755 2185 883 2257 Ἀχαιούς.

157 2307 301 2378 Videtis
322 2307 425 2401 plane
442 2333 612 2401 quosnam
637 2310 703 2380 sibi
726 2319 911 2403 proponat,
928 2319 1030 2401 parta
1047 2311 1204 2394 victoria,

157 2424 363 2494 domestioae
394 2427 490 2516 pacis
520 2435 558 2495 et
588 2428 652 2496 otii
682 2428 827 2498 fruetus.
899 2427 1001 2496 Nihil
1032 2427 1203 2517 ejusmodi

158 2537 294 2610 Achilli
312 2542 528 2625 obversatur,
543 2551 729 2635 postquam
744 2544 853 2613 semel
870 2544 963 2634 apud
981 2567 1018 2613 se
1037 2544 1202 2624 decrevit,

157 2654 282 2748 gloriae
299 2680 384 2750 ergo
401 2659 623 2728 moriendum
642 2661 736 2752 apud
752 2659 904 2750 Trojam.

226 2771 320 2854 Quid
360 2773 446 2844 alios
478 2776 687 2864 moremur?
741 2776 1014 2868 Agamemnona
1047 2773 1201 2855 seilicet3

157 2910 265 2977 quem
296 2891 388 2968 ήθονς
410 2891 591 2981 cujusdam
615 2891 903 2986 ἀριστοκρατικοῦ,
929 2891 964 2959 nl
992 2889 1105 2970 fallor,
1126 2911 1204 2981 spe-

157 3004 275 3072 cimen'
308 3004 430 3074 haberi
460 3004 573 3074 voluit
600 3006 737 3090 Poeta3¹
771 3007 891 3099 patriae
925 3014 1115 3087 amantem,
1142 3006 1203 3074 sed

156 3119 352 3211 majestatis
369 3142 439 3189 suae
457 3121 700 3190 amantiorem.

227 3233 321 3316 Quid
366 3234 589 3318 Diomedem,
633 3236 840 3329 diligentem
885 3259 968 3305 sane
1012 3237 1204 3328 dignitatis,

156 3347 312 3434 honoris,
335 3350 445 3418 immo
471 3351 576 3419 etiam
605 3374 712 3443 opum
738 3352 951 3442 petitorem?
978 3353 1036 3442 qui
1060 3353 1203 3442 quidem

158 3462 312 3535 Achillis
342 3467 440 3556 quasi
474 3465 619 3535 rivalem
653 3491 724 3536 non
759 3491 830 3536 uno
864 3468 943 3536 loco
977 3469 1132 3559 proferre
1166 3490 1203 3537 se

157 3579 319 3649 videtur:
356 3580 472 3671 qualia
502 3605 595 3650 nono
624 3583 661 3651 in
691 3581 780 3651 libro
812 3580 989 3674 leguntur,
1016 3591 1203 3674 postquam

156 3693 296 3786 legatos
313 3694 374 3765 illc
391 3696 571 3766 dimiserat
582 3691 610 3765 ¹:

308 3823 425 3894 Ἀτρείδη
439 3823 552 3889 κύδιστε,
565 3825 629 3895 ἅναξ
639 3825 746 3895 ἀνδρῶν,
755 3824 930 3896 Ἀγαμέμνων,

308 3909 343 3978 μή
356 3908 452 3981 όφελες
462 3909 605 3963 λίσσεσθαι
617 3908 733 3982 ἀμῦμονα
745 3910 879 3977 Πηλείωνα

309 3996 388 4066 μυρία
399 3996 468 4066 δῶρα
480 3993 573 4052 διδούς·
594 3997 609 4047 ὁ
621 3993 644 4048 δ’
656 3994 757 4065 ἀγήνωρ
770 3995 828 4050 ἐστὶ
840 3997 881 4048 καὶ
893 3996 988 4051 ἄλλως·

310 4084 354 4135 νῦν
366 4079 397 4134 αὖ
410 4101 453 4149 μιν
464 4080 532 4133 πολὺ
543 4081 645 4148 μᾶλλον
656 4079 822 4150 ἀγηνορίῃσιν
834 4080 931 4150 ἐνῆκας.

310 4166 369 4221 ἀλλ’
382 4169 437 4234 ήτοι
449 4167 530 4219 κεῖνον
540 4166 587 4234 μὲν
599 4165 717 4235 ἐάσομεν,
729 4169 747 4234 il
757 4188 799 4220 κεν
809 4165 889 4234 ἰ’ῃσιν,

226 4265 233 4300 ζ
311 4256 366 4321 ἧκε
378 4253 447 4320 μένῃ·
465 4254 523 4304 τότε
536 4251 558 4305 δ
571 4251 631 4306 αὖτε
642 4251 795 4323 μαχήσεται,
808 4255 905 4308 ὁππότε
917 4254 959 4310 κέν
969 4277 1014 4324 μιν

311 4338 391 4407 θυμός
402 4338 438 4392 ἐνὶ
451 4336 594 4405 στήθεσσιν
605 4339 699 4409 ἀνώγῃ,
711 4339 753 4391 καὶ
765 4339 823 4395 θεὸς
834 4339 909 4408 όρσῃ.

232 4467 244 4500 ¹
263 4456 297 4511 Il.
310 4475 353 4511 xv.
367 4473 428 4527 494.
639 4455 656 4493 ¹¹
673 4454 709 4510 vi.
722 4455 783 4525 526.
997 4458 1006 4496 ¹
1022 4459 1058 4512 ix.
1071 4459 1133 4529 692,
