<?xml version="1.0" encoding="UTF-8"?>
<!DOCTYPE html PUBLIC "-//W3C//DTD XHTML 1.0 Transitional//EN"
    "http://www.w3.org/TR/xhtml1/DTD/xhtml1-transitional.dtd">
<html xmlns="http://www.w3.org/1999/xhtml" xml:lang="en" lang="en">
 <head>
  <title>
</title>
<meta http-equiv="Content-Type" content="text/html;charset=utf-8" />
  <meta name='ocr-system' content='tesseract 3.04.00' />
  <meta name='ocr-capabilities' content='ocr_page ocr_carea ocr_par ocr_line ocrx_word'/>
</head>
<body>
  <div class='ocr_page' id='page_1' title='image "./depoeticaevimed01keblgoog_0233.png"; bbox 0 0 2738 4866; ppageno 0'>
   <div class='ocr_carea' id='block_1_1' title="bbox 155 322 1205 412">
    <p class='ocr_par' dir='ltr' id='par_1_1' title="bbox 155 322 1205 412">
     <span class='ocr_line' id='line_1_1' title="bbox 155 322 1205 412; baseline -0.003 -19"><span class='ocrx_word' id='word_1_1' title='bbox 155 330 220 399; x_wconf 68' lang='lat'><strong>292</strong></span> <span class='ocrx_word' id='word_1_2' title='bbox 231 322 481 412; x_wconf 73' lang='lat' dir='ltr'><strong>Dcaimplicitcta</strong></span> <span class='ocrx_word' id='word_1_3' title='bbox 487 324 670 408; x_wconf 69' lang='lat' dir='ltr'><strong>AEaayaa:</strong></span> <span class='ocrx_word' id='word_1_4' title='bbox 682 325 802 403; x_wconf 83' lang='lat' dir='ltr'><strong>Parsoe,</strong></span> <span class='ocrx_word' id='word_1_5' title='bbox 814 325 1016 390; x_wconf 71' lang='lat' dir='ltr'><strong>Prometheus.</strong></span> <span class='ocrx_word' id='word_1_6' title='bbox 1033 348 1205 390; x_wconf 61' lang='lat' dir='ltr'><strong>ramum.</strong></span> 
     </span>
    </p>
   </div>
   <div class='ocr_carea' id='block_1_2' title="bbox 157 495 1212 4160">
    <p class='ocr_par' dir='ltr' id='par_1_2' title="bbox 157 495 1212 4160">
     <span class='ocr_line' id='line_1_2' title="bbox 157 495 1206 592; baseline -0.003 -23"><span class='ocrx_word' id='word_1_7' title='bbox 157 499 355 592; x_wconf 84' lang='lat' dir='ltr'><strong>praesertim</strong></span> <span class='ocrx_word' id='word_1_8' title='bbox 380 497 556 570; x_wconf 88' lang='lat' dir='ltr'><strong>navalem.</strong></span> <span class='ocrx_word' id='word_1_9' title='bbox 608 495 702 580; x_wconf 89' lang='lat' dir='ltr'><strong>Jam,</strong></span> <span class='ocrx_word' id='word_1_10' title='bbox 726 497 787 589; x_wconf 91' lang='lat' dir='ltr'><strong>qui</strong></span> <span class='ocrx_word' id='word_1_11' title='bbox 810 521 977 589; x_wconf 79' lang='lat' dir='ltr'><strong>personas</strong></span> <span class='ocrx_word' id='word_1_12' title='bbox 997 497 1206 579; x_wconf 80' lang='lat' dir='ltr'><strong>numerabit,</strong></span> 
     </span>
     <span class='ocr_line' id='line_1_3' title="bbox 159 611 1207 704; baseline 0 -21"><span class='ocrx_word' id='word_1_13' title='bbox 159 612 319 683; x_wconf 89' lang='lat' dir='ltr'><strong>inveniet</strong></span> <span class='ocrx_word' id='word_1_14' title='bbox 347 611 535 682; x_wconf 76' lang='lat' dir='ltr'><strong>Persarum</strong></span> <span class='ocrx_word' id='word_1_15' title='bbox 558 611 715 682; x_wconf 87' lang='lat' dir='ltr'><strong>fabulam</strong></span> <span class='ocrx_word' id='word_1_16' title='bbox 735 613 908 683; x_wconf 75' lang='lat' dir='ltr'><strong>contineri</strong></span> <span class='ocrx_word' id='word_1_17' title='bbox 925 613 1088 704; x_wconf 88' lang='lat' dir='ltr'><strong>partibus</strong></span> <span class='ocrx_word' id='word_1_18' title='bbox 1105 614 1207 683; x_wconf 90' lang='lat' dir='ltr'><strong>trium</strong></span> 
     </span>
     <span class='ocr_line' id='line_1_4' title="bbox 158 720 1207 809; baseline -0.003 -11"><span class='ocrx_word' id='word_1_19' title='bbox 158 728 232 799; x_wconf 87' lang='lat' dir='ltr'><strong>fere</strong></span> <span class='ocrx_word' id='word_1_20' title='bbox 249 736 421 809; x_wconf 88' lang='lat' dir='ltr'><strong>actomm,</strong></span> <span class='ocrx_word' id='word_1_21' title='bbox 440 720 560 809; x_wconf 81' lang='lat' dir='ltr'><strong>Chori,</strong></span> <span class='ocrx_word' id='word_1_22' title='bbox 578 725 727 807; x_wconf 85' lang='lat' dir='ltr'><strong>Atossae,</strong></span> <span class='ocrx_word' id='word_1_23' title='bbox 746 724 847 796; x_wconf 90' lang='lat' dir='ltr'><strong>Darii</strong></span> <span class='ocrx_word' id='word_1_24' title='bbox 863 726 909 797; x_wconf 88' lang='lat' dir='ltr'><strong>ab</strong></span> <span class='ocrx_word' id='word_1_25' title='bbox 925 727 1049 797; x_wconf 86' lang='lat' dir='ltr'><strong>inferis</strong></span> <span class='ocrx_word' id='word_1_26' title='bbox 1063 728 1207 797; x_wconf 89' lang='lat' dir='ltr'><strong>evocati.</strong></span> 
     </span>
     <span class='ocr_line' id='line_1_5' title="bbox 160 832 1207 932; baseline -0.003 -19"><span class='ocrx_word' id='word_1_27' title='bbox 160 842 258 913; x_wconf 90' lang='lat' dir='ltr'><strong>Nam</strong></span> <span class='ocrx_word' id='word_1_28' title='bbox 286 841 420 912; x_wconf 86' lang='lat' dir='ltr'><strong>Xerxis</strong></span> <span class='ocrx_word' id='word_1_29' title='bbox 450 841 569 932; x_wconf 89' lang='lat' dir='ltr'><strong>ipsius,</strong></span> <span class='ocrx_word' id='word_1_30' title='bbox 591 863 690 911; x_wconf 90' lang='lat' dir='ltr'><strong>mero</strong></span> <span class='ocrx_word' id='word_1_31' title='bbox 718 863 755 911; x_wconf 90' lang='lat' dir='ltr'><strong>se</strong></span> <span class='ocrx_word' id='word_1_32' title='bbox 782 840 883 911; x_wconf 90' lang='lat' dir='ltr'><strong>luctu</strong></span> <span class='ocrx_word' id='word_1_33' title='bbox 907 832 1135 924; x_wconf 81' lang='lat' dir='ltr'><strong>effirndentis,</strong></span> <span class='ocrx_word' id='word_1_34' title='bbox 1154 842 1207 918; x_wconf 78' lang='lat' dir='ltr'><strong>vix</strong></span> 
     </span>
     <span class='ocr_line' id='line_1_6' title="bbox 159 954 1208 1039; baseline -0.001 -12"><span class='ocrx_word' id='word_1_35' title='bbox 159 957 233 1028; x_wconf 91' lang='lat' dir='ltr'><strong>ulla</strong></span> <span class='ocrx_word' id='word_1_36' title='bbox 257 956 366 1026; x_wconf 89' lang='lat' dir='ltr'><strong>debet</strong></span> <span class='ocrx_word' id='word_1_37' title='bbox 392 956 461 1026; x_wconf 88' lang='lat' dir='ltr'><strong>hoc</strong></span> <span class='ocrx_word' id='word_1_38' title='bbox 488 954 568 1026; x_wconf 93' lang='lat' dir='ltr'><strong>loco</strong></span> <span class='ocrx_word' id='word_1_39' title='bbox 596 955 719 1025; x_wconf 86' lang='lat' dir='ltr'><strong>haberi</strong></span> <span class='ocrx_word' id='word_1_40' title='bbox 748 956 850 1026; x_wconf 86' lang='lat' dir='ltr'><strong>ratio.</strong></span> <span class='ocrx_word' id='word_1_41' title='bbox 900 955 1007 1039; x_wconf 88' lang='lat' dir='ltr'><strong>Quod</strong></span> <span class='ocrx_word' id='word_1_42' title='bbox 1037 957 1067 1026; x_wconf 87' lang='lat' dir='ltr'><strong>si</strong></span> <span class='ocrx_word' id='word_1_43' title='bbox 1090 979 1208 1027; x_wconf 90' lang='lat' dir='ltr'><strong>eonce-</strong></span> 
     </span>
     <span class='ocr_line' id='line_1_7' title="bbox 163 1070 1206 1163; baseline 0.001 -23"><span class='ocrx_word' id='word_1_44' title='bbox 163 1072 289 1142; x_wconf 89' lang='lat' dir='ltr'><strong>damus</strong></span> <span class='ocrx_word' id='word_1_45' title='bbox 306 1072 382 1162; x_wconf 88' lang='lat' dir='ltr'><strong>ejus</strong></span> <span class='ocrx_word' id='word_1_46' title='bbox 399 1071 450 1141; x_wconf 92' lang='lat' dir='ltr'><strong>rei</strong></span> <span class='ocrx_word' id='word_1_47' title='bbox 467 1071 505 1139; x_wconf 92' lang='lat' dir='ltr'><strong>in</strong></span> <span class='ocrx_word' id='word_1_48' title='bbox 525 1092 631 1141; x_wconf 89' lang='lat' dir='ltr'><strong>causa</strong></span> <span class='ocrx_word' id='word_1_49' title='bbox 647 1071 765 1153; x_wconf 89' lang='lat' dir='ltr'><strong>fuisse,-</strong></span> <span class='ocrx_word' id='word_1_50' title='bbox 783 1070 901 1159; x_wconf 87' lang='lat' dir='ltr'><strong>aliqua</strong></span> <span class='ocrx_word' id='word_1_51' title='bbox 917 1080 1016 1141; x_wconf 84' lang='lat' dir='ltr'><strong>certe</strong></span> <span class='ocrx_word' id='word_1_52' title='bbox 1033 1095 1082 1141; x_wconf 83' lang='lat' dir='ltr'><strong>ex</strong></span> <span class='ocrx_word' id='word_1_53' title='bbox 1103 1079 1206 1163; x_wconf 77' lang='lat' dir='ltr'><strong>parte</strong></span> 
     </span>
     <span class='ocr_line' id='line_1_8' title="bbox 164 1185 1207 1279; baseline -0.001 -22"><span class='ocrx_word' id='word_1_54' title='bbox 164 1187 410 1279; x_wconf 82' lang='lat' dir='ltr'><strong>imperfectam</strong></span> <span class='ocrx_word' id='word_1_55' title='bbox 443 1185 559 1255; x_wconf 90' lang='lat' dir='ltr'><strong>adhuc</strong></span> <span class='ocrx_word' id='word_1_56' title='bbox 598 1187 792 1276; x_wconf 89' lang='lat' dir='ltr'><strong>rudemque</strong></span> <span class='ocrx_word' id='word_1_57' title='bbox 828 1185 1022 1278; x_wconf 83' lang='lat' dir='ltr'><strong>Tragoediae</strong></span> <span class='ocrx_word' id='word_1_58' title='bbox 1054 1188 1207 1269; x_wconf 82' lang='lat' dir='ltr'><strong>formam,</strong></span> 
     </span>
     <span class='ocr_line' id='line_1_9' title="bbox 159 1300 1207 1395; baseline -0.005 -20"><span class='ocrx_word' id='word_1_59' title='bbox 159 1305 217 1376; x_wconf 90' lang='lat' dir='ltr'><strong>cni</strong></span> <span class='ocrx_word' id='word_1_60' title='bbox 244 1303 378 1395; x_wconf 92' lang='lat' dir='ltr'><strong>primus</strong></span> <span class='ocrx_word' id='word_1_61' title='bbox 403 1302 479 1393; x_wconf 90' lang='lat' dir='ltr'><strong>ipse</strong></span> <span class='ocrx_word' id='word_1_62' title='bbox 504 1300 692 1393; x_wconf 81' lang='lat' dir='ltr'><strong>AEschylus</strong></span> <span class='ocrx_word' id='word_1_63' title='bbox 718 1301 863 1371; x_wconf 89' lang='lat' dir='ltr'><strong>secundi</strong></span> <span class='ocrx_word' id='word_1_64' title='bbox 888 1301 1072 1372; x_wconf 88' lang='lat' dir='ltr'><strong>histrionis</strong></span> <span class='ocrx_word' id='word_1_65' title='bbox 1097 1311 1207 1394; x_wconf 85' lang='lat' dir='ltr'><strong>partes</strong></span> 
     </span>
     <span class='ocr_line' id='line_1_10' title="bbox 159 1414 1206 1508; baseline -0.004 -20"><span class='ocrx_word' id='word_1_66' title='bbox 159 1419 319 1500; x_wconf 82' lang='lat' dir='ltr'><strong>addidit3</strong></span> <span class='ocrx_word' id='word_1_67' title='bbox 356 1425 395 1486; x_wconf 89' lang='lat' dir='ltr'><strong>at</strong></span> <span class='ocrx_word' id='word_1_68' title='bbox 425 1416 534 1508; x_wconf 87' lang='lat' dir='ltr'><strong>ipsius</strong></span> <span class='ocrx_word' id='word_1_69' title='bbox 559 1424 682 1486; x_wconf 89' lang='lat' dir='ltr'><strong>tamen</strong></span> <span class='ocrx_word' id='word_1_70' title='bbox 709 1414 841 1499; x_wconf 82' lang='lat' dir='ltr'><strong>Poetae,</strong></span> <span class='ocrx_word' id='word_1_71' title='bbox 865 1417 981 1498; x_wconf 89' lang='lat' dir='ltr'><strong>credo,</strong></span> <span class='ocrx_word' id='word_1_72' title='bbox 1008 1425 1096 1498; x_wconf 86' lang='lat' dir='ltr'><strong>erat,</strong></span> <span class='ocrx_word' id='word_1_73' title='bbox 1119 1415 1206 1507; x_wconf 89' lang='lat' dir='ltr'><strong>quod</strong></span> 
     </span>
     <span class='ocr_line' id='line_1_11' title="bbox 159 1531 1207 1624; baseline -0.004 -21"><span class='ocrx_word' id='word_1_74' title='bbox 159 1531 426 1624; x_wconf 83' lang='lat' dir='ltr'><strong>simplicitatem</strong></span> <span class='ocrx_word' id='word_1_75' title='bbox 455 1533 560 1600; x_wconf 90' lang='lat' dir='ltr'><strong>istam</strong></span> <span class='ocrx_word' id='word_1_76' title='bbox 590 1531 690 1601; x_wconf 90' lang='lat' dir='ltr'><strong>nulla</strong></span> <span class='ocrx_word' id='word_1_77' title='bbox 719 1554 875 1622; x_wconf 90' lang='lat' dir='ltr'><strong>unquam</strong></span> <span class='ocrx_word' id='word_1_78' title='bbox 905 1540 983 1601; x_wconf 88' lang='lat' dir='ltr'><strong>arte</strong></span> <span class='ocrx_word' id='word_1_79' title='bbox 1015 1531 1207 1611; x_wconf 88' lang='lat' dir='ltr'><strong>variaverit,</strong></span> 
     </span>
     <span class='ocr_line' id='line_1_12' title="bbox 159 1645 1207 1736; baseline -0.003 -20"><span class='ocrx_word' id='word_1_80' title='bbox 159 1647 222 1716; x_wconf 91' lang='lat' dir='ltr'><strong>sed</strong></span> <span class='ocrx_word' id='word_1_81' title='bbox 250 1646 288 1716; x_wconf 90' lang='lat' dir='ltr'><strong>in</strong></span> <span class='ocrx_word' id='word_1_82' title='bbox 316 1668 361 1715; x_wconf 91' lang='lat' dir='ltr'><strong>eo</strong></span> <span class='ocrx_word' id='word_1_83' title='bbox 387 1653 485 1715; x_wconf 91' lang='lat' dir='ltr'><strong>totus</strong></span> <span class='ocrx_word' id='word_1_84' title='bbox 512 1645 631 1727; x_wconf 84' lang='lat' dir='ltr'><strong>fuerit,</strong></span> <span class='ocrx_word' id='word_1_85' title='bbox 657 1652 699 1714; x_wconf 92' lang='lat' dir='ltr'><strong>ut</strong></span> <span class='ocrx_word' id='word_1_86' title='bbox 723 1667 809 1735; x_wconf 91' lang='lat' dir='ltr'><strong>quas</strong></span> <span class='ocrx_word' id='word_1_87' title='bbox 839 1661 969 1736; x_wconf 90' lang='lat' dir='ltr'><strong>pancas</strong></span> <span class='ocrx_word' id='word_1_88' title='bbox 993 1646 1207 1717; x_wconf 85' lang='lat' dir='ltr'><strong>adhibuisset</strong></span> 
     </span>
     <span class='ocr_line' id='line_1_13' title="bbox 160 1758 1207 1852; baseline -0.001 -22"><span class='ocrx_word' id='word_1_89' title='bbox 160 1783 337 1852; x_wconf 86' lang='lat' dir='ltr'><strong>personas,</strong></span> <span class='ocrx_word' id='word_1_90' title='bbox 354 1759 432 1830; x_wconf 87' lang='lat' dir='ltr'><strong>illas</strong></span> <span class='ocrx_word' id='word_1_91' title='bbox 445 1769 530 1830; x_wconf 88' lang='lat' dir='ltr'><strong>ante</strong></span> <span class='ocrx_word' id='word_1_92' title='bbox 542 1758 663 1830; x_wconf 91' lang='lat' dir='ltr'><strong>oculos</strong></span> <span class='ocrx_word' id='word_1_93' title='bbox 676 1782 857 1850; x_wconf 84' lang='lat' dir='ltr'><strong>expressas</strong></span> <span class='ocrx_word' id='word_1_94' title='bbox 871 1769 1031 1852; x_wconf 84' lang='lat' dir='ltr'><strong>poneret,</strong></span> <span class='ocrx_word' id='word_1_95' title='bbox 1047 1763 1207 1852; x_wconf 91' lang='lat' dir='ltr'><strong>omnique</strong></span> 
     </span>
     <span class='ocr_line' id='line_1_14' title="bbox 159 1875 1207 1969; baseline 0 -23"><span class='ocrx_word' id='word_1_96' title='bbox 159 1899 308 1946; x_wconf 91' lang='lat' dir='ltr'><strong>numero</strong></span> <span class='ocrx_word' id='word_1_97' title='bbox 337 1875 529 1946; x_wconf 87' lang='lat' dir='ltr'><strong>absolutas.</strong></span> <span class='ocrx_word' id='word_1_98' title='bbox 581 1875 697 1967; x_wconf 90' lang='lat' dir='ltr'><strong>Ipsius</strong></span> <span class='ocrx_word' id='word_1_99' title='bbox 726 1875 835 1945; x_wconf 88' lang='lat' dir='ltr'><strong>etiam</strong></span> <span class='ocrx_word' id='word_1_100' title='bbox 863 1886 949 1960; x_wconf 87' lang='lat' dir='ltr'><strong>erat,</strong></span> <span class='ocrx_word' id='word_1_101' title='bbox 980 1880 1077 1969; x_wconf 93' lang='lat' dir='ltr'><strong>quod</strong></span> <span class='ocrx_word' id='word_1_102' title='bbox 1106 1880 1143 1947; x_wconf 92' lang='lat' dir='ltr'><strong>in</strong></span> <span class='ocrx_word' id='word_1_103' title='bbox 1170 1899 1207 1946; x_wconf 89' lang='lat' dir='ltr'><strong>eo</strong></span> 
     </span>
     <span class='ocr_line' id='line_1_15' title="bbox 161 1991 1208 2081; baseline -0.001 -20"><span class='ocrx_word' id='word_1_104' title='bbox 161 1991 318 2061; x_wconf 88' lang='lat' dir='ltr'><strong>carmine</strong></span> <span class='ocrx_word' id='word_1_105' title='bbox 334 1991 430 2060; x_wconf 91' lang='lat' dir='ltr'><strong>nuda</strong></span> <span class='ocrx_word' id='word_1_106' title='bbox 446 2012 587 2081; x_wconf 88' lang='lat' dir='ltr'><strong>prorsus</strong></span> <span class='ocrx_word' id='word_1_107' title='bbox 604 1991 804 2061; x_wconf 90' lang='lat' dir='ltr'><strong>narratione</strong></span> <span class='ocrx_word' id='word_1_108' title='bbox 817 2014 873 2062; x_wconf 90' lang='lat' dir='ltr'><strong>res</strong></span> <span class='ocrx_word' id='word_1_109' title='bbox 888 1991 1087 2075; x_wconf 87' lang='lat' dir='ltr'><strong>conficitur,</strong></span> <span class='ocrx_word' id='word_1_110' title='bbox 1106 1992 1208 2072; x_wconf 91' lang='lat' dir='ltr'><strong>nullo,</strong></span> 
     </span>
     <span class='ocr_line' id='line_1_16' title="bbox 164 2105 1209 2200; baseline -0.002 -24"><span class='ocrx_word' id='word_1_111' title='bbox 164 2128 272 2198; x_wconf 92' lang='lat' dir='ltr'><strong>quem</strong></span> <span class='ocrx_word' id='word_1_112' title='bbox 293 2113 432 2186; x_wconf 88' lang='lat' dir='ltr'><strong>vocant,</strong></span> <span class='ocrx_word' id='word_1_113' title='bbox 450 2106 554 2187; x_wconf 90' lang='lat' dir='ltr'><strong>nodo,</strong></span> <span class='ocrx_word' id='word_1_114' title='bbox 573 2106 672 2175; x_wconf 90' lang='lat' dir='ltr'><strong>nulla</strong></span> <span class='ocrx_word' id='word_1_115' title='bbox 688 2105 892 2200; x_wconf 65' lang='grc' dir='ltr'><strong>περιπετείᾳ.</strong></span> <span class='ocrx_word' id='word_1_116' title='bbox 933 2106 1102 2192; x_wconf 84' lang='lat' dir='ltr'><strong>Tantum,</strong></span> <span class='ocrx_word' id='word_1_117' title='bbox 1121 2105 1209 2198; x_wconf 91' lang='lat' dir='ltr'><strong>quod</strong></span> 
     </span>
     <span class='ocr_line' id='line_1_17' title="bbox 162 2220 1209 2314; baseline 0 -23"><span class='ocrx_word' id='word_1_118' title='bbox 162 2220 266 2292; x_wconf 91' lang='lat' dir='ltr'><strong>initio</strong></span> <span class='ocrx_word' id='word_1_119' title='bbox 279 2244 400 2292; x_wconf 89' lang='lat' dir='ltr'><strong>sumus</strong></span> <span class='ocrx_word' id='word_1_120' title='bbox 418 2220 577 2302; x_wconf 88' lang='lat' dir='ltr'><strong>ominati,</strong></span> <span class='ocrx_word' id='word_1_121' title='bbox 591 2220 709 2303; x_wconf 74' lang='grc' dir='ltr'>πάθος,</span> <span class='ocrx_word' id='word_1_122' title='bbox 722 2222 759 2290; x_wconf 93' lang='lat' dir='ltr'><strong>id</strong></span> <span class='ocrx_word' id='word_1_123' title='bbox 772 2223 884 2314; x_wconf 85' lang='lat' dir='ltr'><strong>magis</strong></span> <span class='ocrx_word' id='word_1_124' title='bbox 902 2223 1086 2314; x_wconf 85' lang='lat' dir='ltr'><strong>magisque</strong></span> <span class='ocrx_word' id='word_1_125' title='bbox 1100 2245 1209 2292; x_wconf 88' lang='lat' dir='ltr'><strong>acore·</strong></span> 
     </span>
     <span class='ocr_line' id='line_1_18' title="bbox 166 2336 1209 2430; baseline -0.003 -21"><span class='ocrx_word' id='word_1_126' title='bbox 166 2339 243 2418; x_wconf 82' lang='lat' dir='ltr'><strong>scit,</strong></span> <span class='ocrx_word' id='word_1_127' title='bbox 261 2337 478 2430; x_wconf 79' lang='lat' dir='ltr'><strong>procedente</strong></span> <span class='ocrx_word' id='word_1_128' title='bbox 495 2336 624 2419; x_wconf 88' lang='lat' dir='ltr'><strong>fabula,</strong></span> <span class='ocrx_word' id='word_1_129' title='bbox 643 2358 755 2427; x_wconf 88' lang='lat' dir='ltr'><strong>usque</strong></span> <span class='ocrx_word' id='word_1_130' title='bbox 772 2336 858 2406; x_wconf 91' lang='lat' dir='ltr'><strong>dum</strong></span> <span class='ocrx_word' id='word_1_131' title='bbox 875 2339 1073 2408; x_wconf 86' lang='lat' dir='ltr'><strong>certissimo</strong></span> <span class='ocrx_word' id='word_1_132' title='bbox 1090 2339 1209 2408; x_wconf 89' lang='lat' dir='ltr'><strong>nuntio</strong></span> 
     </span>
     <span class='ocr_line' id='line_1_19' title="bbox 166 2452 1149 2543; baseline -0.001 -20"><span class='ocrx_word' id='word_1_133' title='bbox 166 2454 317 2524; x_wconf 85' lang='lat' dir='ltr'><strong>vertitur</strong></span> <span class='ocrx_word' id='word_1_134' title='bbox 333 2455 370 2523; x_wconf 91' lang='lat' dir='ltr'><strong>in</strong></span> <span class='ocrx_word' id='word_1_135' title='bbox 388 2453 525 2523; x_wconf 87' lang='lat' dir='ltr'><strong>luctum</strong></span> <span class='ocrx_word' id='word_1_136' title='bbox 541 2461 650 2543; x_wconf 90' lang='lat' dir='ltr'><strong>atque</strong></span> <span class='ocrx_word' id='word_1_137' title='bbox 667 2452 705 2521; x_wconf 90' lang='lat' dir='ltr'><strong>in</strong></span> <span class='ocrx_word' id='word_1_138' title='bbox 720 2469 907 2521; x_wconf 80' lang='lat' dir='ltr'><strong>moerorem</strong></span> <span class='ocrx_word' id='word_1_139' title='bbox 924 2452 1149 2524; x_wconf 87' lang='lat' dir='ltr'><strong>acerrimum.</strong></span> 
     </span>
     <span class='ocr_line' id='line_1_20' title="bbox 217 2566 1210 2642; baseline 0 -2"><span class='ocrx_word' id='word_1_140' title='bbox 217 2569 335 2641; x_wconf 90' lang='lat' dir='ltr'><strong>Venio</strong></span> <span class='ocrx_word' id='word_1_141' title='bbox 369 2591 463 2637; x_wconf 91' lang='lat' dir='ltr'><strong>nunc</strong></span> <span class='ocrx_word' id='word_1_142' title='bbox 497 2566 542 2637; x_wconf 83' lang='lat' dir='ltr'><strong>ad</strong></span> <span class='ocrx_word' id='word_1_143' title='bbox 578 2566 793 2638; x_wconf 86' lang='lat' dir='ltr'><strong>Promethea</strong></span> <span class='ocrx_word' id='word_1_144' title='bbox 821 2566 1017 2640; x_wconf 85' lang='lat' dir='ltr'><strong>Vinctum:</strong></span> <span class='ocrx_word' id='word_1_145' title='bbox 1058 2595 1141 2641; x_wconf 92' lang='lat' dir='ltr'><strong>nam</strong></span> <span class='ocrx_word' id='word_1_146' title='bbox 1171 2571 1210 2642; x_wconf 92' lang='lat' dir='ltr'><strong>ad</strong></span> 
     </span>
     <span class='ocr_line' id='line_1_21' title="bbox 166 2680 1210 2776; baseline 0.002 -21"><span class='ocrx_word' id='word_1_147' title='bbox 166 2685 317 2755; x_wconf 90' lang='lat' dir='ltr'><strong>eandem</strong></span> <span class='ocrx_word' id='word_1_148' title='bbox 333 2680 563 2776; x_wconf 75' lang='grc' dir='ltr'>τετραλογίαν</span> <span class='ocrx_word' id='word_1_149' title='bbox 579 2683 791 2774; x_wconf 89' lang='lat' dir='ltr'><strong>pertinuisse</strong></span> <span class='ocrx_word' id='word_1_150' title='bbox 807 2684 907 2754; x_wconf 91' lang='lat' dir='ltr'><strong>aiunt</strong></span> <span class='ocrx_word' id='word_1_151' title='bbox 931 2683 1057 2756; x_wconf 88' lang='lat' dir='ltr'><strong>Persas</strong></span> <span class='ocrx_word' id='word_1_152' title='bbox 1075 2696 1113 2757; x_wconf 89' lang='lat' dir='ltr'><strong>et</strong></span> <span class='ocrx_word' id='word_1_153' title='bbox 1133 2688 1210 2756; x_wconf 79' lang='lat' dir='ltr'><strong>Pro</strong></span> 
     </span>
     <span class='ocr_line' id='line_1_22' title="bbox 163 2793 1210 2893; baseline 0.003 -23"><span class='ocrx_word' id='word_1_154' title='bbox 163 2801 309 2870; x_wconf 79' lang='lat' dir='ltr'><strong>methea</strong></span> <span class='ocrx_word' id='word_1_155' title='bbox 333 2793 534 2893; x_wconf 70' lang='lat' dir='ltr'><strong>rroquo&#39;poaf,</strong></span> <span class='ocrx_word' id='word_1_156' title='bbox 561 2821 639 2889; x_wconf 85' lang='lat' dir='ltr'><strong>quae</strong></span> <span class='ocrx_word' id='word_1_157' title='bbox 663 2803 726 2867; x_wconf 83' lang='grc' dir='ltr'><strong>τοῦ</strong></span> <span class='ocrx_word' id='word_1_158' title='bbox 750 2798 932 2880; x_wconf 68' lang='lat' dir='ltr'><strong>Arcada-&#39;ov</strong></span> <span class='ocrx_word' id='word_1_159' title='bbox 953 2803 1210 2892; x_wconf 78' lang='lat' dir='ltr'><strong>quodammodo</strong></span> 
     </span>
     <span class='ocr_line' id='line_1_23' title="bbox 165 2914 1211 3008; baseline 0.005 -25"><span class='ocrx_word' id='word_1_160' title='bbox 165 2916 279 3006; x_wconf 90' lang='lat' dir='ltr'><strong>prima</strong></span> <span class='ocrx_word' id='word_1_161' title='bbox 296 2937 375 3006; x_wconf 90' lang='lat' dir='ltr'><strong>pars</strong></span> <span class='ocrx_word' id='word_1_162' title='bbox 392 2922 488 2984; x_wconf 88' lang='lat' dir='ltr'><strong>erat:</strong></span> <span class='ocrx_word' id='word_1_163' title='bbox 518 2914 638 3004; x_wconf 82' lang='lat' dir='ltr'><strong>itaque</strong></span> <span class='ocrx_word' id='word_1_164' title='bbox 661 2934 743 2984; x_wconf 89' lang='lat' dir='ltr'><strong>eum</strong></span> <span class='ocrx_word' id='word_1_165' title='bbox 768 2931 839 2984; x_wconf 88' lang='lat' dir='ltr'><strong>non</strong></span> <span class='ocrx_word' id='word_1_166' title='bbox 862 2914 968 3007; x_wconf 84' lang='lat' dir='ltr'><strong>longo</strong></span> <span class='ocrx_word' id='word_1_167' title='bbox 986 2924 1158 3008; x_wconf 89' lang='lat' dir='ltr'><strong>tempore,</strong></span> <span class='ocrx_word' id='word_1_168' title='bbox 1176 2927 1211 2988; x_wconf 90' lang='lat' dir='ltr'><strong>nt</strong></span> 
     </span>
     <span class='ocr_line' id='line_1_24' title="bbox 168 3027 1211 3125; baseline 0.004 -27"><span class='ocrx_word' id='word_1_169' title='bbox 168 3027 302 3120; x_wconf 90' lang='lat' dir='ltr'><strong>opinor,</strong></span> <span class='ocrx_word' id='word_1_170' title='bbox 326 3031 524 3120; x_wconf 88' lang='lat' dir='ltr'><strong>praecedere</strong></span> <span class='ocrx_word' id='word_1_171' title='bbox 547 3029 683 3098; x_wconf 93' lang='lat' dir='ltr'><strong>debuit.</strong></span> <span class='ocrx_word' id='word_1_172' title='bbox 735 3028 822 3121; x_wconf 88' lang='lat' dir='ltr'><strong>Ejus</strong></span> <span class='ocrx_word' id='word_1_173' title='bbox 843 3037 965 3098; x_wconf 92' lang='lat' dir='ltr'><strong>autem</strong></span> <span class='ocrx_word' id='word_1_174' title='bbox 988 3054 1071 3121; x_wconf 87' lang='lat' dir='ltr'><strong>quae</strong></span> <span class='ocrx_word' id='word_1_175' title='bbox 1098 3056 1211 3125; x_wconf 90' lang='lat' dir='ltr'><strong>super·</strong></span> 
     </span>
     <span class='ocr_line' id='line_1_25' title="bbox 166 3144 1210 3235; baseline 0.003 -21"><span class='ocrx_word' id='word_1_176' title='bbox 166 3154 222 3215; x_wconf 91' lang='lat' dir='ltr'><strong>est</strong></span> <span class='ocrx_word' id='word_1_177' title='bbox 239 3144 366 3214; x_wconf 86' lang='lat' dir='ltr'><strong>fabulae</strong></span> <span class='ocrx_word' id='word_1_178' title='bbox 384 3145 509 3213; x_wconf 87' lang='lat' dir='ltr'><strong>eadem</strong></span> <span class='ocrx_word' id='word_1_179' title='bbox 523 3145 634 3214; x_wconf 90' lang='lat' dir='ltr'><strong>ferme</strong></span> <span class='ocrx_word' id='word_1_180' title='bbox 652 3152 759 3235; x_wconf 89' lang='lat' dir='ltr'><strong>atque</strong></span> <span class='ocrx_word' id='word_1_181' title='bbox 773 3144 959 3214; x_wconf 91' lang='lat' dir='ltr'><strong>Persarum</strong></span> <span class='ocrx_word' id='word_1_182' title='bbox 977 3156 1033 3216; x_wconf 90' lang='lat' dir='ltr'><strong>est</strong></span> <span class='ocrx_word' id='word_1_183' title='bbox 1053 3150 1155 3231; x_wconf 89' lang='lat' dir='ltr'><strong>ratio,</strong></span> <span class='ocrx_word' id='word_1_184' title='bbox 1172 3149 1210 3220; x_wconf 87' lang='lat' dir='ltr'><strong>ab</strong></span> 
     </span>
     <span class='ocr_line' id='line_1_26' title="bbox 165 3261 1211 3352; baseline 0.004 -24"><span class='ocrx_word' id='word_1_185' title='bbox 165 3261 268 3329; x_wconf 90' lang='lat' dir='ltr'><strong>initio</strong></span> <span class='ocrx_word' id='word_1_186' title='bbox 294 3284 405 3352; x_wconf 85' lang='lat' dir='ltr'><strong>usque</strong></span> <span class='ocrx_word' id='word_1_187' title='bbox 431 3261 476 3330; x_wconf 88' lang='lat' dir='ltr'><strong>ad</strong></span> <span class='ocrx_word' id='word_1_188' title='bbox 494 3262 601 3330; x_wconf 86' lang='lat' dir='ltr'><strong>linem</strong></span> <span class='ocrx_word' id='word_1_189' title='bbox 616 3284 699 3329; x_wconf 91' lang='lat' dir='ltr'><strong>uno</strong></span> <span class='ocrx_word' id='word_1_190' title='bbox 722 3269 845 3330; x_wconf 91' lang='lat' dir='ltr'><strong>tenore</strong></span> <span class='ocrx_word' id='word_1_191' title='bbox 868 3261 1099 3347; x_wconf 88' lang='lat' dir='ltr'><strong>decurrentis,</strong></span> <span class='ocrx_word' id='word_1_192' title='bbox 1121 3264 1211 3334; x_wconf 90' lang='lat' dir='ltr'><strong>nulla</strong></span> 
     </span>
     <span class='ocr_line' id='line_1_27' title="bbox 166 3375 1209 3467; baseline 0.002 -24"><span class='ocrx_word' id='word_1_193' title='bbox 166 3384 228 3444; x_wconf 91' lang='lat' dir='ltr'><strong>aut</strong></span> <span class='ocrx_word' id='word_1_194' title='bbox 246 3398 364 3444; x_wconf 91' lang='lat' dir='ltr'><strong>rerum</strong></span> <span class='ocrx_word' id='word_1_195' title='bbox 380 3375 617 3458; x_wconf 85' lang='lat' dir='ltr'><strong>conversione,</strong></span> <span class='ocrx_word' id='word_1_196' title='bbox 631 3384 693 3446; x_wconf 90' lang='lat' dir='ltr'><strong>aut</strong></span> <span class='ocrx_word' id='word_1_197' title='bbox 710 3376 892 3467; x_wconf 88' lang='lat' dir='ltr'><strong>inopinato</strong></span> <span class='ocrx_word' id='word_1_198' title='bbox 910 3398 1095 3447; x_wconf 88' lang='lat' dir='ltr'><strong>causarum</strong></span> <span class='ocrx_word' id='word_1_199' title='bbox 1110 3401 1209 3448; x_wconf 83' lang='lat' dir='ltr'><strong>nexu.</strong></span> 
     </span>
     <span class='ocr_line' id='line_1_28' title="bbox 168 3488 1210 3584; baseline 0.006 -28"><span class='ocrx_word' id='word_1_200' title='bbox 168 3488 299 3557; x_wconf 83' lang='lat' dir='ltr'><strong>Fateor</strong></span> <span class='ocrx_word' id='word_1_201' title='bbox 316 3491 494 3580; x_wconf 89' lang='lat' dir='ltr'><strong>equidem,</strong></span> <span class='ocrx_word' id='word_1_202' title='bbox 507 3489 667 3580; x_wconf 83' lang='lat' dir='ltr'><strong>pluribus</strong></span> <span class='ocrx_word' id='word_1_203' title='bbox 680 3509 759 3558; x_wconf 89' lang='lat' dir='ltr'><strong>eam</strong></span> <span class='ocrx_word' id='word_1_204' title='bbox 772 3491 871 3580; x_wconf 89' lang='lat' dir='ltr'><strong>quasi</strong></span> <span class='ocrx_word' id='word_1_205' title='bbox 887 3488 1081 3560; x_wconf 91' lang='lat' dir='ltr'><strong>luminibus</strong></span> <span class='ocrx_word' id='word_1_206' title='bbox 1099 3515 1210 3584; x_wconf 87' lang='lat' dir='ltr'><strong>perso·</strong></span> 
     </span>
     <span class='ocr_line' id='line_1_29' title="bbox 167 3604 1210 3697; baseline 0.006 -26"><span class='ocrx_word' id='word_1_207' title='bbox 167 3626 293 3673; x_wconf 89' lang='lat' dir='ltr'><strong>narum</strong></span> <span class='ocrx_word' id='word_1_208' title='bbox 311 3604 489 3696; x_wconf 87' lang='lat' dir='ltr'><strong>distingui,</strong></span> <span class='ocrx_word' id='word_1_209' title='bbox 509 3605 621 3696; x_wconf 87' lang='lat' dir='ltr'><strong>primo</strong></span> <span class='ocrx_word' id='word_1_210' title='bbox 640 3604 888 3697; x_wconf 89' lang='lat' dir='ltr'><strong>Nympharum</strong></span> <span class='ocrx_word' id='word_1_211' title='bbox 911 3607 1070 3688; x_wconf 88' lang='lat' dir='ltr'><strong>introitu,</strong></span> <span class='ocrx_word' id='word_1_212' title='bbox 1090 3609 1210 3677; x_wconf 88' lang='lat' dir='ltr'><strong>deinde</strong></span> 
     </span>
     <span class='ocr_line' id='line_1_30' title="bbox 167 3719 1211 3816; baseline 0.006 -28"><span class='ocrx_word' id='word_1_213' title='bbox 167 3719 314 3800; x_wconf 91' lang='lat' dir='ltr'><strong>Oceani,</strong></span> <span class='ocrx_word' id='word_1_214' title='bbox 332 3727 511 3810; x_wconf 91' lang='lat' dir='ltr'><strong>postremo</strong></span> <span class='ocrx_word' id='word_1_215' title='bbox 530 3719 593 3789; x_wconf 83' lang='lat' dir='ltr'><strong>Iris</strong></span> <span class='ocrx_word' id='word_1_216' title='bbox 610 3720 778 3811; x_wconf 87' lang='lat' dir='ltr'><strong>inquietae</strong></span> <span class='ocrx_word' id='word_1_217' title='bbox 795 3721 888 3791; x_wconf 84' lang='lat' dir='ltr'><strong>illiur</strong></span> <span class='ocrx_word' id='word_1_218' title='bbox 905 3743 947 3790; x_wconf 89' lang='lat' dir='ltr'><strong>ac</strong></span> <span class='ocrx_word' id='word_1_219' title='bbox 958 3744 1065 3814; x_wconf 87' lang='lat' dir='ltr'><strong>vagae.</strong></span> <span class='ocrx_word' id='word_1_220' title='bbox 1092 3726 1211 3816; x_wconf 89' lang='lat' dir='ltr'><strong>Atque</strong></span> 
     </span>
     <span class='ocr_line' id='line_1_31' title="bbox 168 3835 1211 3931; baseline 0.005 -27"><span class='ocrx_word' id='word_1_221' title='bbox 168 3843 210 3904; x_wconf 93' lang='lat' dir='ltr'><strong>ut</strong></span> <span class='ocrx_word' id='word_1_222' title='bbox 227 3835 263 3904; x_wconf 93' lang='lat' dir='ltr'><strong>id</strong></span> <span class='ocrx_word' id='word_1_223' title='bbox 282 3835 376 3926; x_wconf 93' lang='lat' dir='ltr'><strong>quod</strong></span> <span class='ocrx_word' id='word_1_224' title='bbox 400 3853 455 3904; x_wconf 90' lang='lat' dir='ltr'><strong>res</strong></span> <span class='ocrx_word' id='word_1_225' title='bbox 479 3843 534 3904; x_wconf 85' lang='lat' dir='ltr'><strong>est</strong></span> <span class='ocrx_word' id='word_1_226' title='bbox 557 3836 682 3917; x_wconf 90' lang='lat' dir='ltr'><strong>dicam,</strong></span> <span class='ocrx_word' id='word_1_227' title='bbox 700 3835 844 3905; x_wconf 89' lang='lat' dir='ltr'><strong>liberius</strong></span> <span class='ocrx_word' id='word_1_228' title='bbox 864 3836 923 3905; x_wconf 90' lang='lat' dir='ltr'><strong>bic</strong></span> <span class='ocrx_word' id='word_1_229' title='bbox 940 3859 1047 3928; x_wconf 92' lang='lat' dir='ltr'><strong>quam</strong></span> <span class='ocrx_word' id='word_1_230' title='bbox 1067 3860 1211 3931; x_wconf 90' lang='lat' dir='ltr'><strong>usquam</strong></span> 
     </span>
     <span class='ocr_line' id='line_1_32' title="bbox 168 3949 1211 4044; baseline 0.004 -26"><span class='ocrx_word' id='word_1_231' title='bbox 168 3949 254 4019; x_wconf 89' lang='lat' dir='ltr'><strong>alias</strong></span> <span class='ocrx_word' id='word_1_232' title='bbox 280 3973 466 4021; x_wconf 87' lang='lat' dir='ltr'><strong>excurrere</strong></span> <span class='ocrx_word' id='word_1_233' title='bbox 491 3951 578 4020; x_wconf 91' lang='lat' dir='ltr'><strong>mihi</strong></span> <span class='ocrx_word' id='word_1_234' title='bbox 605 3952 746 4021; x_wconf 89' lang='lat' dir='ltr'><strong>videtur</strong></span> <span class='ocrx_word' id='word_1_235' title='bbox 776 3949 974 4044; x_wconf 82' lang='lat' dir='ltr'><strong>AEschylus,</strong></span> <span class='ocrx_word' id='word_1_236' title='bbox 1000 3963 1039 4023; x_wconf 91' lang='lat' dir='ltr'><strong>et</strong></span> <span class='ocrx_word' id='word_1_237' title='bbox 1068 3957 1114 4024; x_wconf 91' lang='lat' dir='ltr'><strong>ad</strong></span> <span class='ocrx_word' id='word_1_238' title='bbox 1141 3955 1211 4023; x_wconf 92' lang='lat' dir='ltr'><strong>Ho-</strong></span> 
     </span>
     <span class='ocr_line' id='line_1_33' title="bbox 168 4064 1212 4160; baseline 0.01 -30"><span class='ocrx_word' id='word_1_239' title='bbox 168 4064 290 4133; x_wconf 90' lang='lat' dir='ltr'><strong>merici</strong></span> <span class='ocrx_word' id='word_1_240' title='bbox 314 4066 395 4157; x_wconf 88' lang='lat' dir='ltr'><strong>styli</strong></span> <span class='ocrx_word' id='word_1_241' title='bbox 414 4066 621 4136; x_wconf 88' lang='lat' dir='ltr'><strong>facilitatem</strong></span> <span class='ocrx_word' id='word_1_242' title='bbox 643 4075 680 4135; x_wconf 90' lang='lat' dir='ltr'><strong>et</strong></span> <span class='ocrx_word' id='word_1_243' title='bbox 707 4067 926 4137; x_wconf 84' lang='lat' dir='ltr'><strong>celeritatem</strong></span> <span class='ocrx_word' id='word_1_244' title='bbox 951 4071 1094 4160; x_wconf 91' lang='lat' dir='ltr'><strong>propius</strong></span> <span class='ocrx_word' id='word_1_245' title='bbox 1120 4092 1212 4140; x_wconf 90' lang='lat' dir='ltr'><strong>acce-</strong></span> 
     </span>
    </p>
   </div>
   <div class='ocr_carea' id='block_1_3' title="bbox 566 4321 784 4394">
    <p class='ocr_par' dir='ltr' id='par_1_3' title="bbox 566 4321 784 4394">
     <span class='ocr_line' id='line_1_34' title="bbox 566 4321 784 4394; baseline 0.009 -16"><span class='ocrx_word' id='word_1_246' title='bbox 566 4327 576 4363; x_wconf 80' lang='lat' dir='ltr'>f</span> <span class='ocrx_word' id='word_1_247' title='bbox 593 4328 657 4394; x_wconf 69' lang='lat' dir='ltr'><strong>airy.</strong></span> <span class='ocrx_word' id='word_1_248' title='bbox 670 4321 698 4381; x_wconf 77' lang='lat' dir='ltr'><strong>io</strong></span> <span class='ocrx_word' id='word_1_249' title='bbox 711 4329 784 4380; x_wconf 81' lang='lat' dir='ltr'><strong>Pera.</strong></span> 
     </span>
    </p>
   </div>
   <div class='ocr_carea' id='block_1_4' title="bbox 0 0 1386 4866">
    <p class='ocr_par' dir='ltr' id='par_1_4' title="bbox 0 0 1386 4866">
     <span class='ocr_line' id='line_1_35' title="bbox 0 0 1386 4866; baseline 0 0"><span class='ocrx_word' id='word_1_250' title='bbox 0 0 1386 4866; x_wconf 95' lang='lat' dir='ltr'><strong> </strong></span> 
     </span>
    </p>
   </div>
  </div>
 </body>
</html>
