2738 4866
154 363 252 403 suun.
265 361 332 402 vru.
358 340 459 419 Quare
467 339 576 424 paulo
591 340 793 424 inportunius
807 338 918 403 ididam
933 339 1112 426 disperde.
1139 341 1204 406 118

156 507 358 601 Virgilius:
400 509 462 598 qui
504 530 567 577 suo
598 508 719 577 AEneae
762 517 781 546 “
804 508 1006 599 famamque
1048 515 1086 576 et
1129 507 1203 578 fata

155 621 360 712 nepotum‚”
394 643 457 712 per
489 621 652 714 clypeum
680 621 845 703 Vulcani,
876 621 1014 691 dederit
1047 621 1201 691 ferenda

157 736 340 806 Nimirum
370 737 492 808 AEneae
522 736 619 807 Deos
653 737 759 806 modo
793 735 962 806 tutelares
999 736 1201 820 Quiritium,

157 849 293 921 Achilli
326 853 493 943 quicquid
522 853 657 945 ubique
687 861 742 922 est
773 851 943 933 Deorum,
976 853 1015 921 in
1048 860 1132 922 vota
1160 875 1202 922 ac

155 990 278 1058 preces
299 970 415 1038 vocari
439 969 541 1039 facile
566 968 762 1062 intelligas:
789 968 959 1059 siquidem
982 967 1043 1037 illo
1061 991 1202 1060 quoque

156 1089 328 1172 tempore,
356 1083 385 1153 si
415 1084 501 1153 fides
518 1082 695 1176 AEschylo,
725 1083 885 1153 solebant
915 1082 1088 1155 bellantes
1117 1083 1203 1174 quid

155 1196 222 1266 sibi
262 1195 395 1265 vellent
435 1199 583 1290 depictis
621 1199 729 1268 scutis
772 1197 960 1272 declarare.
1028 1195 1203 1269 Universa

155 1310 278 1400 itaque
327 1310 457 1381 Mundi
506 1313 610 1404 hujus
652 1334 850 1404 compages,
883 1309 997 1402 qualis
1041 1318 1118 1380 erat
1165 1310 1203 1378 in

156 1423 310 1496 Achillis
336 1426 468 1520 clypeo,
495 1450 577 1497 cum
603 1427 699 1497 omui
722 1428 893 1497 varietate
914 1427 996 1495 vitae
1018 1426 1202 1495 hominum

157 1541 359 1632 conjuncta,
382 1543 508 1633 ecquid
530 1543 626 1615 aliud
649 1566 720 1634 prae
737 1564 774 1612 se
791 1542 876 1612 tulit
898 1541 1079 1621 indicium,
1095 1561 1203 1630 quam

156 1655 259 1739 illud,
284 1657 527 1750 dignissimum
551 1658 695 1728 alumno
714 1657 893 1729 Deorum:
922 1655 1029 1730 Nihil
1053 1678 1203 1747 usquam

157 1771 285 1842 divinae
323 1795 399 1843 esse
434 1775 613 1866 potentiae,
648 1797 717 1865 quo
754 1796 828 1844 non
864 1772 926 1844 ille
962 1770 1129 1845 fidentior
1164 1771 1203 1845 iu

157 1910 316 1980 pugnarn
333 1889 505 1980 prodeeti

208 2003 347 2076 Verum
373 2005 448 2076 haec
473 2007 579 2076 missa
601 2006 780 2088 faciamus
806 2029 852 2075 ne
877 2006 1027 2074 nimium
1049 2007 1204 2099 argutias

157 2121 285 2189 sectari
305 2120 494 2191 videamur.
547 2121 642 2191 Illud
668 2131 764 2192 certe
788 2144 893 2191 nemo
916 2121 1081 2213 negabit3
1109 2121 1206 2205 Quo-

158 2235 256 2304 niam
286 2259 368 2305 cum
402 2238 588 2328 majestate
615 2238 766 2329 quadam
802 2246 878 2307 erat·
908 2239 1006 2329 quasi
1036 2238 1207 2307 tardando

158 2354 324 2436 narratio,
351 2356 485 2445 optime
516 2353 742 2446 Scriptomm,
773 2353 902 2444 alioqui
933 2353 1204 2445 rapidissimum,

159 2490 203 2536 ea
228 2470 449 2560 potissimum
472 2460 587 2561 operis
608 2470 661 2538 sui
683 2477 785 2560 parte
811 2468 933 2562 longas
957 2467 1036 2542 illas
1057 2469 1207 2538 traxisse

159 2584 338 2677 ambages.

224 2699 320 2782 Quin
355 2707 393 2770 et
427 2700 551 2769 eodem
582 2699 686 2791 plane
714 2698 869 2780 consilio,
904 2705 982 2767 toto
1016 2696 1117 2780 libro,
1146 2698 1208 2788 qui

160 2816 323 2906 proxime
349 2817 518 2908 sequitur,
541 2816 716 2885 causando
741 2823 777 2884 et
805 2815 1044 2884 concionando
1068 2821 1210 2903 tempus

160 2929 269 2999 terit:
308 2931 368 3021 qui
399 2931 542 3021 quidem
573 2930 672 3010 liber,
702 2939 744 2999 ut·
774 2952 896 2998 verum
926 2930 1048 3008 fatear,
1078 2925 1210 2996 lentius

159 3044 249 3113 mihi
275 3046 384 3115 videri
412 3045 503 3116 solet
526 3047 731 3139 negotium3
757 3046 824 3114 nisi
845 3045 937 3114 forte
957 3051 1061 3136 putet
1084 3041 1210 3132 aliquis

161 3159 306 3231 liberius
333 3161 390 3230 hic
418 3161 540 3232 lusisse
566 3161 776 3242 Homerum,
801 3169 839 3230 et
864 3161 901 3228 in
927 3157 1208 3252 Agamemnonis

161 3276 217 3345 sui
249 3298 398 3366 persona
426 3285 577 3359 notasse,
600 3276 720 3368 >qualia
747 3272 954 3346 diverticula
979 3274 1056 3344 sihi*
1072 3274 1210 3365 fingant

160 3393 333 3477 homines,
351 3394 452 3485 siqui,
475 3393 593 3486 paullo
619 3392 764 3462 elatiore
789 3392 917 3471 animo,
935 3414 1007 3460 non
1033 3392 1117 3460 satis
1141 3391 1208 3460 sibi

161 3509 314 3601 placent,
338 3531 455 3578 rerum
474 3516 748 3579 assectarum
774 3507 955 3575 memoria.
1007 3505 1115 3574 Certe
1138 3529 1209 3575 non

160 3623 318 3695 multum
347 3623 537 3693 abhorrent
562 3646 583 3692 a
608 3621 671 3692 tali
702 3622 909 3713 suspicione,
936 3643 1014 3712 quae
1040 3619 1120 3690 Rex
1147 3619 1209 3690 ille

162 3738 306 3830 Regum
340 3736 418 3807 loco
448 3737 533 3808 satis
556 3736 679 3809 ,alieno
714 3743 865 3819 enarrat,
893 3737 940 3805 rie
971 3735 1138 3804 Herculis
1173 3744 1210 3804 et

163 3853 354 3945 Eurysthei
386 3853 574 3936 natalibus,
606 3853 650 3922 de
669 3851 767 3921 ..love
799 3851 1067 3944 perJunonern
1098 3849 1210 3932 eluso,

162 3970 209 4039 de
245 3967 429 4039 Discordia
464 3968 553 4037 coelo
588 3967 787 4037 exturbata.
854 3965 1030 4048 Naturam
1066 3965 1210 4055 quidem

161 4087 276 4177 ipsam
312 4107 504 4177 verumque
542 4108 616 4155 nou
654 4081 747 4153 male
781 4082 894 4151 refert
907 4080 1016 4153 allius
1046 4079 1214 4171 colloquii

161 4181 278 4282 tenor,
296 4200 381 4270 licet
397 4200 442 4270 ab
460 4199 623 4293 ampullis
640 4199 789 4268 heroicis
814 4206 851 4266 et
868 4197 1056 4268 verborum
1077 4197 1214 4290 magni-

161 4317 307 4390 ficentia
331 4317 470 4410 longius
494 4317 641 4386 fortasse
666 4314 831 4384 recedere
850 4312 1022 4383 videatur.
1075 4311 1147 4381 Sed
1169 4313 1214 4385 de

678 4447 696 4501 1
