2738 4866
156 335 286 377 runnu.
300 312 448 392 &mom
455 313 496 376 sir
504 309 550 377 oia
558 315 675 376 Ironioe
683 315 862 399 inponenda
872 337 989 379 sannen
998 317 1153 380 carminis.
1163 316 1206 386 69

156 478 258 570 pueri
286 478 427 560 famam,
462 478 524 548 sed
540 534 542 539 ,
557 480 617 549 ad
631 480 863 571 periclitantis
894 481 1055 563 salutem,
1086 482 1205 550 nescio

156 593 335 682 quomodo
353 592 567 661 converterit
584 593 780 686 legentium
801 593 947 663 animos.
986 594 1082 677 Quid
1099 595 1206 663 intel-

157 704 277 798 ligam,
306 705 386 774 duo:
403 706 512 775 verba
538 707 809 789 monstrabunt3
840 729 962 797 eaque,
985 708 1014 778 si
1038 706 1136 788 libet,
1160 708 1205 776 ab

156 820 234 910 ipso
248 819 377 889 Flacco
394 821 656 892 mutuabimur:
685 821 788 891 Nihil
805 821 872 891 hoo
884 818 1068 914 pulchrius
1078 845 1091 900 ,·
1115 821 1206 891 nihil

156 933 220 1003 illo
250 933 395 1004 dulcius.
457 934 546 1017 Quae
577 936 770 1017 diversitas,
803 936 831 1006 si
861 937 969 1005 modo
999 958 1079 1005 eam
1108 944 1205 1005 reete

157 1057 332 1131 tenemus,
361 1048 493 1149 pendet
524 1049 667 1119 omnino
698 1073 718 1119 e
748 1074 866 1120 rerum
896 1050 1062 1132 delectu;
1099 1073 1206 1140 quem

157 1166 233 1255 agit
264 1160 446 1264 Horatius,
476 1172 518 1234 ut
552 1186 643 1234 unus
673 1166 880 1248 vicinorum,
906 1152 1081 1235 Pindarus
1111 1188 1206 1247 vero,

156 1273 269 1372 μάτηρ
305 1275 370 1361 oia,
400 1274 544 1376 φράζεις
584 1279 690 1349 anxie
716 1281 843 1371 quaerit
872 1304 1032 1373 puerum,
1060 1283 1206 1349 invento

158 1393 311 1463 laetatur.

194 1621 350 1718 *Verum
374 1623 448 1693 haeo
471 1624 654 1694 hacteuus.
706 1624 788 1694 Jam
813 1626 889 1716 ejus
911 1625 1080 1706 formulae,
1098 1647 1205 1715 quam

158 1759 181 1805 a
204 1735 385 1808 Primariis
415 1738 538 1808 Poetis
567 1740 697 1809 servari
728 1741 892 1821 diximus,
917 1741 1060 1831 pudoris
1091 1761 1206 1821 eausa,

159 1851 203 1921 ea
222 1862 401 1944 postrema
423 1877 502 1945 pars
525 1863 611 1934 erat,
628 1861 670 1922 ut·
688 1846 852 1944 ‘plurimis
875 1854 912 1921 in
935 1853 1022 1922 loeis
1039 1852 1206 1934 Ironiam,

162 1968 255 2064 (quae
268 1971 440 2056 vocatum)
455 1967 537 2036 dolo
555 1968 700 2036 minime
717 1967 821 2048 malo,
836 1966 1055 2035 adhiberent.
1081 1965 1206 2056 Atque

159 2082 327 2173 equidem
344 2082 564 2161 crediderim,
583 2083 753 2174 primores
773 2080 908 2172 aliquos
928 2081 995 2150 sibi
1013 2081 1107 2150 ultro
1130 2083 1209 2150 uni·

160 2193 251 2263 versi
287 2217 429 2285 quoque
463 2196 627 2264 carminis
665 2195 854 2285 sumpsisse
887 2195 1082 2275 materiam,
1113 2193 1208 2263 haud

160 2309 279 2399 paullo
293 2317 467 2378 remotam
481 2310 526 2378 ab
540 2332 591 2392 ea,
605 2332 712 2399 quam
724 2310 791 2401 ipsi
801 2310 905 2379 unice
917 2309 1209 2380 desideraverint:

160 2422 211 2490 ita
223 2430 356 2504 tamen,
370 2431 412 2491 ut
425 2446 489 2514 per
501 2422 616 2492 flexus
628 2425 748 2493 neseio
762 2446 849 2514 quos
863 2425 986 2493 erebro
1004 2430 1211 2492 revocarent

161 2538 342 2606 adamatos
359 2539 508 2628 quisque
525 2561 591 2606 res.
626 2537 771 2629 Insigne
789 2541 882 2630 apud
896 2547 1028 2620 vetere,
1042 2539 1079 2606 ni
1097 2537 1210 2619 fallor,

161 2650 368 2742 exemplum
386 2653 494 2721 estin
507 2653 658 2721 AEneide
672 2652 826 2745 Virgilii.
850 2709 852 2713 .
879 2651 951 2722 Sed
970 2676 1048 2721 eam
1067 2675 1209 2723 eausam

161 2765 273 2835 fusius
304 2774 341 2835 et
375 2766 503 2836 melius
533 2766 690 2859 posthae,
713 2769 767 2837 uti
798 2791 910 2859 spero,
942 2766 1210 2857 explicabimus.

162 2879 282 2962 Nune,
297 2881 381 2972 quid
398 2880 435 2950 in
449 2889 608 2951 mentem
626 2884 763 2950 venerit
777 2884 821 2952 do
832 2882 986 2974 Virgilio
997 2881 1208 2973 Anglioan0‚

161 2995 296 3065 dicam:
323 2997 373 3065 sio
390 2996 486 3064 enim
503 2996 670 3087 appellari
690 2995 903 3088 Spenserum
922 3003 1081 3067 nostrum
1099 2995 1208 3078 nulla,

161 3119 203 3179 ut
229 3112 363 3201 opinor,
385 3110 573 3180 Musarum
601 3111 747 3180 vetabit.
805 3110 899 3179 Puto
929 3110 1032 3179 illum
1058 3109 1114 3199 (ut
1139 3110 1210 3180 alia

162 3225 388 3314 omittantur)
419 3231 492 3315 per
511 3224 690 3293 mellitum
719 3225 807 3294 illud
833 3224 1098 3316 Epithalamion
1129 3247 1210 3315 pro-

161 3340 301 3419 didisse,
320 3338 403 3428 quid
425 3346 509 3406 ante
533 3337 798 3430 oeulossaepius
814 3338 988 3418 habuerit,
1006 3339 1043 3406 in
1060 3336 1209 3407 heroicis

160 3475 303 3545 quoque
328 3452 529 3522 scribendis.
582 3451 739 3544 Sponsus
761 3475 842 3522 oum
869 3461 963 3521 esset
985 3451 1208 3522 fidelissimus

160 3570 331 3648 omnium,
349 3575 423 3636 tam
442 3589 522 3635 suos
539 3580 686 3648 amores,
700 3590 805 3658 quam
824 3566 970 3658 Reginae
988 3588 1058 3635 suae
1075 3564 1207 3648 laudes

160 3681 285 3750 multis
302 3680 388 3749 loeis
405 3680 586 3773 ingeniose
602 3683 777 3750 intexuit:
804 3688 845 3749 ut
867 3702 983 3770 neque
1007 3679 1209 3772 legentibus

160 3796 343 3865 fastidium
369 3795 541 3886 gigneret,
565 3803 603 3863 et
625 3818 726 3864 ouras
751 3794 926 3863 cantando
949 3793 1087 3874 leniret,
1111 3793 1208 3863 salvo

160 3913 307 4002 pudore.
1016 3923 1020 3930 '

169 4079 171 4083 >
218 4025 327 4108 Quod
350 4023 379 4093 si
403 4024 512 4099 etiam
533 4026 572 4102 in
590 4027 738 4094 materia
761 4025 933 4094 sumenda
955 4030 1094 4092 tantum
1114 4022 1209 4092 valet

161 4140 320 4210 honesta
340 4137 581 4207 dissimulandi
612 4141 711 4220 ratio,
741 4140 864 4229 utique
887 4138 935 4205 in
969 4136 1052 4228 styli
1081 4135 1211 4218 colore,

160 4263 269 4346 atque
286 4256 323 4323 in
341 4274 471 4345 genere
488 4253 638 4334 dicendi,
656 4253 763 4322 latius
780 4276 822 4323 ea
846 4253 1048 4337 dominetur
1067 4275 1210 4322 neeesse
