2738 4866
167 321 230 391 196
417 322 542 386 Alcinoi
556 343 615 385 ooo
629 320 830 386 inomcmtdu
845 323 977 390 οουιίίοι.
1052 344 1206 386 rennxn.

305 491 396 560 ήμενος
407 489 465 562 ἄγχ’
479 492 566 545 αὐτοῦ·
585 490 654 560 βαρὺ
666 490 694 544 δὲ
707 488 878 561 στενάχοντος
890 491 1010 546 ἄκουσεν.

303 572 372 646 αἶψα
385 576 412 629 δι’
426 575 570 643 Φαιήκεσσι
582 576 769 648 φιληρέτμοισι
780 575 900 647 μετηύδα·

305 661 420 726 κέκλυτε,
434 662 549 729 Φαιήκων
559 661 683 735 ἡγήτορες
694 662 738 731 ήδέ
750 661 877 733 με’δοντες·

304 748 351 819 ήδη
363 750 410 819 με“ν
422 749 508 806 δαιτδς
520 750 677 822 κεκορήμεθα
690 751 771 820 θυμδν
782 749 863 819 ε’ΐσης,

302 837 451 907 φόρμιγγός
460 834 493 900 θ’,
506 833 521 906 ’l
534 837 601 890 δαιτὶ
614 835 741 907 συνήορός
753 836 811 891 ε’στι
823 836 922 905 θαλείῃ·

303 925 348 975 νῦν
359 920 381 975 δ’
395 921 549 992 ἐξέλθωμεν,
562 923 603 976 καί
616 921 716 977 ἀέθλων
727 923 895 994 πειρηθῶμεν.

161 1059 276 1131 Novit
310 1062 443 1152 ntique,
475 1062 510 1130 id
541 1061 635 1152 qnod
663 1082 765 1131 nosse
794 1083 865 1132 non
895 1060 1007 1131 cuivis
1035 1059 1205 1151 contingit

161 1176 354 1256 hominum,
384 1178 580 1246 verecunde
608 1177 664 1269 agi
696 1178 825 1247 debere
855 1199 937 1246 cum
967 1175 1206 1246 moerentibus.

161 1291 242 1375 Quo
260 1292 296 1359 in
313 1313 442 1384 genere
459 1301 497 1361 et
513 1291 575 1362 illa
592 1293 723 1362 eximie
747 1292 933 1372 laudanda,
952 1293 1082 1384 quibus
1104 1312 1204 1360 causa

162 1407 320 1476 moeroris
338 1408 576 1498 exposciturn.

303 1569 357 1623 είπέ
369 1569 402 1634 δ’,
415 1568 438 1634 ὅ,
451 1590 476 1624 τι
488 1570 584 1626 κλαίεις
595 1571 637 1624 καὶ
648 1546 751 1641 ὀδύρεαι
763 1570 847 1626 ἔνδοθι
859 1571 941 1645 θυμῷ,

301 1654 433 1726 Ἀργείων,
447 1662 560 1721 Δαναῶν,
573 1655 611 1725 tt·
622 1657 702 1711 Ἰλίου
714 1655 783 1713 οἶτον
794 1657 900 1713 ἀκούων.

301 1744 346 1796 τδν
358 1742 386 1794 δὲ
399 1742 453 1796 θεοὶ
464 1743 511 1811 μὲν
523 1742 623 1811 τεύξαν,
636 1743 813 1799 ἐπεκλώσαντο
826 1743 848 1798 δ’
861 1743 971 1815 ὄλεθρον

301 1829 452 1900 ἀνθρώποις,
465 1829 506 1885 ἵνα
517 1829 563 1899 ήσι
576 1833 616 1885 καὶ
630 1831 813 1902 ἐσσομένοισιν
823 1833 905 1900 ἀοιδή.

299 1914 315 1984 ἢ
328 1916 366 1972 τίς
377 1939 417 1970 τοι
430 1918 471 1970 καὶ
483 1919 548 1986 πηδς
559 1916 689 1990 ἀπέφθιτο
700 1919 793 1974 Ἰλιόθι
804 1922 864 1991 πρὸ,

301 2003 398 2060 ε’σθλὸς
410 2004 458 2057 ε’ὼν
466 2007 584 2076 γαμβρὸς
595 2005 610 2073 ή
622 2007 753 2077 πενθερὸς,
766 2006 819 2062 οἵτε
830 2006 946 2077 μάλιστα

300 2087 417 2158 κήδιστοι
429 2087 572 2154 τελέθουσι,
584 2088 640 2158 μεθ’
654 2087 714 2160 αἷμά
726 2112 753 2144 τε
766 2091 807 2144 καὶ
818 2089 892 2162 γένος
903 2091 995 2152 αὐτῶν,

299 2180 318 2245 ή
327 2176 366 2232 τίς
377 2198 428 2230 που
441 2176 481 2229 καὶ
494 2177 594 2246 ἑταῖρος
605 2176 668 2247 ἀνήρ
682 2176 854 2248 κεχαρισμίνα
866 2177 948 2240 εἰδὼς,

300 2262 397 2319 ἐσθλός
404 2285 412 2326 3
435 2262 490 2317 ἐπεὶ
502 2264 533 2316 οὗ
544 2261 591 2332 μέν
603 2285 628 2317 τι
639 2261 803 2335 κασιγνήτοιο
815 2262 923 2333 χερείων

299 2350 422 2420 γίγνεται,
435 2348 464 2405 ὅς
476 2371 526 2414 κεν,
539 2352 640 2421 ἑταῖρος
651 2351 707 2413 ἐὸν,
720 2349 866 2418 πεπνυμένα
878 2350 942 2418 εἰδῇ.

160 2488 341 2560 Videlicet
371 2512 442 2558 non
469 2490 492 2557 ii
520 2491 755 2571 nominantur,
777 2489 838 2580 qni
864 2496 947 2557 sunt
972 2496 1201 2580 cognatomm

161 2606 318 2674 omnium
349 2606 512 2696 proximi,
544 2607 678 2688 fratres,
709 2612 882 2697 parentes
912 2604 1023 2686 liberi,
1055 2627 1202 2696 quorum

160 2721 251 2790 forte
268 2721 403 2790 mentio
420 2722 523 2791 nimis
541 2724 666 2792 acerba
687 2722 788 2791 foret.
824 2720 918 2803 Quid
936 2720 1077 2790 multa?
1103 2720 1204 2812 plane

156 2838 248 2930 regis
265 2837 358 2906 illius
376 2837 451 2918 ἦθος
465 2838 666 2908 dulcissima
683 2838 834 2928 quadam
852 2837 1053 2906 urbanitate
1072 2835 1204 2904 condiit

160 2951 282 3036 Poeta,
312 2978 358 3024 ne
388 2955 479 3024 forte
510 2963 677 3046 putemus
707 2953 859 3047 vulgaris
885 2974 961 3021 esse
986 2953 1202 3030 constantiae,

158 3072 251 3160 quod
287 3071 478 3163 hospitium
513 3073 588 3164 ejus
623 3079 659 3140 et
694 3070 902 3139 affinitatem
936 3069 1083 3160 praecise
1117 3067 1203 3136 adeo

160 3185 388 3258 declinaverit
415 3187 569 3280 Ulysses,
597 3209 712 3278 neque
738 3186 834 3256 aliud
861 3184 934 3253 ullo
960 3192 1121 3275 tempore
1149 3207 1204 3252 co-

156 3303 256 3394 gitet,
275 3326 381 3394 quam
400 3303 605 3395 Penelopen
624 3312 661 3372 et
679 3302 840 3372 Ithacam
858 3322 968 3371 suam.

194 3533 251 3603 Ex
268 3533 323 3603 his
340 3533 503 3604 omnibus
521 3534 667 3604 fortasse
684 3533 905 3626 intelligitur,
917 3532 969 3601 ita
981 3532 1027 3601 ab
1039 3529 1197 3601 Homero

156 3651 235 3720 duci
254 3673 357 3720 suum
376 3648 541 3742 Ulyssem
560 3651 652 3720 circa
668 3651 780 3719 maria
797 3649 915 3719 omnia
932 3656 969 3717 et
993 3648 1134 3727 insulas,
1152 3648 1199 3715 ita

157 3791 239 3837 eum
256 3788 372 3836 mores
392 3764 576 3836 hominum
601 3766 797 3838 multorum
820 3765 994 3855 urbesque
1012 3765 1102 3832 serie
1119 3786 1199 3855 qua-

157 3884 238 3953 dam
273 3905 494 3976 cognoscere,
525 3894 565 3951 ut
601 3883 697 3950 omni
732 3903 862 3974 genere
893 3880 1090 3966 tranquillae
1121 3881 1197 3947 vitae

156 4008 304 4080 tentato,
322 4022 503 4090 nunquam
521 4022 590 4068 non
612 3999 767 4068 inveniat
784 3998 877 4089 quod
894 3997 1006 4088 magis
1020 3997 1197 4089 magisque

60 4130 61 4134 ’
156 4117 325 4185 accendat
351 4117 458 4186 toties
485 4117 713 4187 decantatum
740 4116 865 4185 domus
891 4114 1044 4204 antiquae
1066 4110 1194 4182 deside·

156 4257 257 4302 num.

561 4356 578 4384 ¹¹
597 4345 650 4399 Od.
664 4345 717 4400 viii.
730 4356 791 4414 577.
