2738 4866
167 333 322 378 ranuxx.
353 311 471 396 Spargi
484 308 537 373 sud
551 310 639 373 initio
655 310 887 394 Agamemnonis
902 309 985 373 νιαία
999 308 1099 374 cordo.
1147 309 1211 374 363

376 480 463 534 ἔθεντο
476 483 620 550 φιλόμαχοι
632 481 748 551 βραβεῖς.

378 566 482 635 φράσεν
493 564 515 618 τ’
528 565 613 631 ἀόζοις
624 565 708 634 πατὴρ
720 563 774 634 μετ’
787 565 865 634 εὐχὰν

377 651 449 705 δικὰν
459 651 581 722 χιμαίρας
592 649 687 719 ὕπερθε
698 653 789 721 βωμοῦ

411 737 537 792 πέπλοισι
548 741 688 807 περιπετῆ.
700 778 706 792 .
716 740 831 802 ,λαβεῖν

167 851 355 919 Accedunt
374 874 425 931 ea,
444 875 521 942 quae
545 851 607 921 soli
632 852 758 922 natalis
781 876 823 922 ac
841 875 970 921 securae
988 853 1113 920 domus
1138 874 1212 920 me-

163 967 311 1034 moriam
330 967 535 1036 suavissime
559 976 746 1035 revocant:

376 1109 468 1174 ἔβαλλ’
481 1111 591 1164 ε’κάστον
602 1109 718 1181 θυτήρων

375 1196 417 1249 ἀπ’
430 1196 543 1266 ὄμματος
554 1196 629 1259 βέλει
641 1198 782 1272 φιλοίκτῳ.
793 1241 799 1252 .

379 1285 537 1339 ......ἔπει
548 1285 676 1339 πολλάκις

373 1371 470 1438 πατρὸς
482 1369 535 1422 κατ’
548 1369 677 1440 ἀνδρῶνας
689 1370 858 1440 εὐτραπέζους

374 1456 499 1525 ἔμελψεν,
512 1455 577 1526 ἁγνᾷ
593 1456 614 1509 δ’
628 1456 773 1526 ἀταύρωτος
785 1458 849 1527 αὐδᾷ
861 1459 957 1529 πατρὸς

375 1543 456 1611 φίλον
468 1543 656 1611 τριτόσπονδον
667 1546 795 1611 εὐποτμον
806 1542 828 1595 τῗ

411 1629 488 1681 αἰῶνα
500 1627 588 1699 φιλως
600 1628 681 1698 ἐτίμα.

215 1755 336 1824 Unum
364 1758 502 1838 addam,
520 1760 613 1848 quod
640 1759 682 1827 ad
710 1758 778 1827 hoc
804 1755 987 1826 ἐπεισοδίον
1010 1758 1208 1848 pertineat:

162 1873 277 1964 spargi
305 1872 361 1941 hic
385 1871 461 1941 illic
491 1896 512 1941 a
537 1882 687 1942 canente
713 1896 815 1942 voces
845 1873 1038 1965 ambiguas,
1061 1895 1207 1963 quarum

162 2008 269 2076 opera
311 1987 345 2054 in
389 1994 546 2056 atrocem
582 1987 831 2078 Pelopidarum
870 2010 988 2056 casum
1023 1987 1135 2078 erigat
1171 2008 1208 2055 se

162 2101 421 2191 quodammodo
439 2104 586 2182 animus,
605 2103 768 2194 malaque
793 2102 891 2172 brevi
918 2102 1036 2170 futura
1060 2123 1210 2191 praeseu-

162 2217 239 2284 tiat.
286 2216 380 2286 Hinc
397 2219 593 2287 obstruitur
610 2242 648 2286 os
662 2218 869 2311 Iphigeniae,
887 2241 933 2287 nc
950 2216 1085 2286 scilicet
1103 2216 1207 2285 emit-

161 2340 216 2399 tat
233 2355 275 2400 ea
293 2333 349 2402 vel
367 2333 475 2402 inscia
493 2333 654 2428 φθόγγον
672 2334 786 2430 ἀραῖον
804 2333 912 2409 οἴκοις.
956 2332 1053 2402 Ηίοο
1073 2333 1210 2401 monita

160 2449 374 2540 gravissima,
393 2450 459 2519 snb
476 2450 546 2519 fine
565 2451 675 2520 totins
692 2451 855 2519 carminis
867 2461 913 2518 ¹¹¹:

372 2588 401 2639 τὸ
414 2585 436 2639 δ’
450 2586 521 2640 ἔνθεν
533 2586 584 2640 οὔτ’
597 2583 673 2648 εἶδον,
687 2585 739 2639 οὔτ’
752 2585 856 2639 ε’ννέπω·

372 2673 460 2741 τεχνοὶ
472 2673 500 2726 δὲ
514 2673 665 2742 Καλχόντος
677 2672 722 2726 οὐκ
734 2671 861 2740 ἄκραντοι·

372 2759 429 2812 δίκα
441 2759 469 2813 δὲ
482 2761 537 2814 τοῖς
548 2759 594 2828 μὲν
605 2758 719 2813 παθοῦσι
731 2757 821 2827 μαθεῖν

372 2845 512 2916 ἐπιρρέπει.

161 2964 256 3033 Ηίοο
282 2967 433 3057 denique
460 2967 660 3036 obscuriora
684 2966 755 3048 illa,
773 2967 833 3035 sed
862 2975 979 3034 tamen
1002 2973 1040 3033 et
1064 2987 1146 3034 vera
1169 2974 1207 3034 et

159 3081 342 3170 profunda,
361 3083 487 3172 quibus
505 3082 614 3151 tacite
636 3081 910 3173 Clytaemnestra
927 3103 1067 3171 quoque
1092 3081 1207 3171 tangi-

159 3207 227 3277 tur,
252 3220 444 3288 omnesque
470 3199 529 3287 qui
561 3198 598 3264 iu
628 3219 665 3266 se
697 3196 753 3265 vel
783 3218 894 3265 nuum
927 3195 1039 3265 solum
1071 3195 1207 3264 facinus

159 3310 310 3379 scientes
328 3311 533 3380 admiserint
544 3319 580 3378 ¹¹:

368 3455 479 3522 βρότους
491 3452 613 3523 θρασύνει
624 3455 675 3524 γὰρ
687 3453 856 3525 αἰσχρόμητις

369 3541 476 3594 ταλαινα
488 3541 623 3610 παράκοπα
635 3540 821 3610 πρωτοπήμων.

218 3661 385 3732 Diximus
413 3665 458 3733 de
486 3662 619 3758 παρόδῳ
646 3662 936 3755 Agamemnonis,
964 3659 1093 3730 illustri
1121 3682 1204 3729 saue

157 3775 342 3857 cantilena,
360 3785 398 3846 et
415 3801 491 3868 quae
514 3781 551 3847 in
578 3800 615 3847 se
641 3777 716 3848 sola
738 3777 849 3846 ferme
868 3777 975 3868 justae
996 3784 1033 3844 et
1059 3777 1204 3868 integrae

155 3891 351 3983 Tragoediae
369 3893 555 3976 elementa,
573 3917 654 3984 quae
679 3900 859 3973 vocantur,
879 3892 1068 3960 contineat.
1120 3888 1204 3958 Jam

156 4029 201 4075 ex
219 4007 288 4076 alia
305 4032 445 4099 quoque
463 4017 562 4099 parte
580 4009 675 4078 subit
693 4010 862 4077 iratorum
882 4005 1040 4074 Deorum
1058 4004 1202 4085 mentio,

156 4146 196 4190 ac
215 4123 289 4191 dira
307 4123 469 4213 quaedam
487 4125 705 4216 exspectatio
728 4122 924 4215 ingruentis
946 4144 1068 4211 poenae.
1121 4119 1204 4210 Ipsa

334 4333 350 4354 ¹¹¹
363 4325 455 4392 Αροοι.
470 4341 529 4393 239·
854 4330 864 4353 ¹¹
883 4322 950 4376 Ibid.
965 4337 1026 4388 215,
