2738 4866
156 329 221 395 366
462 330 510 391 Do
523 328 646 390 ruulitiu
664 325 905 408 Olptoenmeatroe,
1007 355 1010 363 ·
1039 346 1138 389 runa.
1152 349 1201 389 xx.

158 497 225 567 lius
251 499 423 589 expressit
450 498 620 588 pietatem
647 519 729 565 eum
757 497 941 586 majestate
968 497 1203 586 conjunctam,

158 636 263 705 quam
282 637 397 684 sermo
416 613 475 682 ille
488 613 775 705 Agamemnonis,
786 635 927 682 scenam
941 613 1202 704 ingredientis‘:

368 774 471 838 πρῶτον
482 766 634 838 μὲνἈργος
647 768 687 819 καί
700 768 773 822 θεοὺς
786 767 925 837 ε’γχωρίους

369 856 427 923 δίκη
439 856 599 923 προσειπεῖν,
612 855 671 909 τούς
683 851 739 919 ε’μοί
751 854 892 921 μεταιτίους

368 944 471 1003 νόστου,
484 940 586 993 δικαίων
599 937 622 992 θ’
636 939 670 992 διν
683 939 827 1007 ἐπράξαμεν
838 941 916 992 πόλιν

369 1025 496 1096 Πριάμου.
521 1026 591 1080 δίκας
603 1027 652 1095 γάρ
666 1026 711 1078 ούκ
723 1025 774 1078 άπὸ
787 1028 912 1096 γλώσσης
924 1026 979 1078 θεοὶ

369 1112 498 1175 κλύοντες,
509 1112 684 1180 ἀνδροκμῆτας
695 1111 774 1165 Ἰλίου
786 1112 887 1182 φθοράς

370 1199 407 1254 εἷς
418 1199 558 1266 αἱματηρὸν
569 1202 661 1268 τεῦχος
673 1199 704 1250 ού
716 1199 875 1268 διχορρόπως

368 1283 478 1354 primove
489 1285 584 1338 ἔθεντο·
604 1287 640 1357 τῷ
653 1284 675 1338 δ’
689 1284 793 1354 ε’ναντίῳ
806 1283 873 1338 κύτει

371 1372 446 1427 ε’λπὶς
456 1370 567 1441 προσῄει
579 1373 667 1441 χειρὸς
677 1373 709 1424 ού
720 1371 895 1444 πληρουμένῳ.

159 1513 215 1582 En
236 1510 420 1582 eonsilium
438 1495 682 1604 dignissimum
701 1519 782 1580 vate
803 1510 914 1580 saerol
941 1511 999 1581 vel
1023 1511 1108 1602 ipsa,
1128 1534 1204 1602 quae
1226 1544 1228 1549 ⁴

157 1629 296 1709 dieitur,
327 1627 526 1723 ἀλληγορία,
554 1628 770 1719 gravissimae
801 1627 983 1717 eujusdam
1013 1626 1203 1696 historiolae

160 1745 232 1812 vim
250 1744 368 1814 habet.
421 1743 591 1836 Sequitur
608 1752 688 1834 post
705 1741 823 1835 paullo
836 1752 868 1810 ⁸:

368 1906 465 1960 τούτων
477 1907 560 1960 θεοῖσι
571 1906 623 1977 χρὴ
635 1905 817 1975 πολύμνηστον
828 1907 905 1976 χάριν

370 1992 455 2047 τίνειν·
475 1992 579 2064 ε’πείπερ
591 1992 709 2064 ἁρπαγὰς
719 1993 877 2064 ὑπερκόπως

370 2080 563 2150 ἔπραξάμεσθα,
576 2080 617 2133 καί
628 2081 748 2150 γυναικὸς
759 2078 848 2134 ούνεκα

368 2169 446 2220 πόλιν
457 2167 608 2236 διημάθυνεν
618 2166 743 2240 Ἀργείων
755 2168 838 2221 δάκος.

161 2311 296 2382 Nonne
321 2314 358 2382 in
382 2336 425 2383 eo
448 2320 546 2382 totus
563 2320 732 2394 versatur,
751 2321 792 2381 ut
809 2311 833 2381 J
835 2333 938 2380 ovem
956 2311 1076 2382 solum
1096 2312 1203 2382 Deos·

161 2451 230 2519 que
248 2429 427 2521 praedicet,
446 2428 491 2499 de
508 2450 546 2498 se
563 2428 705 2520 suisque
722 2449 861 2519 prorsus
880 2428 1035 2498 taoeat‘i

369 2583 413 2634 νῦν
425 2578 447 2633 δ’
460 2580 497 2635 εἷς
507 2579 629 2651 μέλαθρα
640 2581 683 2633 καὶ
695 2580 787 2648 δόμους
800 2580 938 2650 ἐφεστίους

368 2667 463 2730 ἕλθων,
474 2667 558 2721 θεοῖσι
569 2671 659 2734 πρῶτα
671 2666 835 2736 δεξιώσομαι,

369 2751 396 2806 οἵ
404 2775 454 2823 περ
466 2755 560 2824 πρόσω
571 2753 731 2823 πέμψαντες,
745 2755 842 2822 ἤγαγον
853 2753 941 2806 πάλιν.

208 2892 350 2973 Contra,
368 2893 429 2961 ubi
446 2893 634 2986 gloriosius
652 2892 784 2984 aliquid
802 2893 1063 2962 enunciandum
1081 2894 1148 2962 erit
1162 2894 1204 2962 de

156 3010 265 3101 gestis
277 3007 506 3089 Achivorum,
520 3010 653 3079 nemini
670 3017 906 3101 praeterquam
921 3008 1203 3101 Clytaemnestrae

157 3124 363 3193 tribuuntur
379 3125 512 3194 insanae
529 3146 571 3193 ae
588 3125 746 3217 superbae
764 3146 867 3193 voees
878 3135 905 3191 ¹¹.

369 3285 463 3347 ἔκβαιν’
476 3285 572 3355 ἀπήνης
583 3288 672 3356 τῆσδε,
685 3288 719 3356 μὴ
731 3288 812 3357 χαμαὶ
824 3287 902 3341 τιθεὶς

369 3373 414 3426 τὸν
426 3372 475 3426 σάν
487 3371 554 3435 πόδ’,
564 3373 584 3426 ὦ
595 3372 659 3443 ναξ,
672 3373 752 3427 Ἰλίου
764 3373 959 3441 πορθητόρα·-

369 3458 459 3527 δμωαὶ,
472 3460 499 3512 τί
509 3459 624 3528 μελλεό,
637 3458 677 3516 αἶς
688 3460 845 3515 ἐπέσταλται
858 3459 934 3514 ulos

367 3545 447 3599 πέδον
459 3544 581 3599 κελεύθου
594 3546 750 3615 στρωννύναι
762 3547 942 3614 πετάσμασιν;

158 3679 338 3750 Malitiam
355 3684 515 3773 profecto
533 3685 679 3754 minime
693 3684 874 3778 vulgarem
892 3683 1045 3752 cernitis.
1084 3681 1204 3752 Etiam

156 3797 223 3866 hoe
241 3806 341 3888 parat
359 3799 509 3868 exitium
525 3802 655 3891 conjux
673 3802 824 3894 conjugi,
838 3800 932 3891 quod
950 3800 1111 3867 animum
1128 3806 1206 3866 ten-

156 3922 220 3994 tat,
238 3914 266 3981 si
285 3937 355 4005 qua
371 3917 481 4005 possit
499 3917 544 3985 ad
563 3916 746 3998 Nemesin,
763 3939 868 4009 quam
886 3923 1024 3995 vocant,
1043 3915 1204 3983 Deomm

155 4028 409 4098 immortalium
427 4033 685 4121 provocandam
702 4032 853 4102 allicere.
901 4028 1012 4099 Plane
1029 4029 1123 4099 siout
1140 4031 1206 4098 im-

155 4144 234 4235 pius
259 4143 324 4213 ille·
337 4153 445 4225 vates
463 4147 523 4236 qui
550 4145 757 4237 perhibetur
782 4146 818 4213 in
844 4143 1073 4214 saerosanctis
1094 4142 1206 4213 literis

200 4356 313 4422 Ἀρόην.
328 4356 387 4426 783.
479 4357 643 4427 εῙόὶιύπὶα·
734 4357 894 4420 *thiatira
984 4353 1083 4406 urbia
1098 4355 1160 4423 879.
