2738 4866
155 329 250 370 runt.
263 329 307 368 ιιι.
346 304 598 368 SunirAEdibut
612 306 704 368 inacte
718 326 806 368 utum
820 303 975 387 quondam
990 304 1109 366 Pocsin.
1159 305 1201 366 33

156 475 292 548 cantur,
325 477 433 557 atque
465 467 501 533 in
534 488 654 536 sensus
690 465 814 556 saepius
849 465 1038 545 incurrant,
1069 463 1204 532 facilior

156 583 305 650 inventu
324 603 400 650 esse
425 580 532 649 debet
554 582 663 649 tacita
685 603 817 660 eorum,
839 581 866 648 si
893 587 1047 670 quaest,
1070 577 1201 646 Poesis.

158 694 335 765 Praeterca
364 694 561 764 imitationi
595 695 690 785 apud
724 717 784 764 eos
818 702 881 763 aut
915 693 1021 762 nullae
1060 694 1202 762 omnino

157 819 276 902 partes
306 812 444 890 dantur,
475 822 538 879 aut
572 818 668 880 certe
698 834 769 879 non
803 811 996 901 primariae:
1032 832 1101 899 quo
1131 809 1203 876 evi-

158 928 301 996 dentius
330 936 475 996 cemaut
510 949 641 1008 omnes,
669 926 888 995 subtiliorem
917 926 1091 1015 quandam
1127 946 1202 992 esse

158 1043 390 1133 voluptatem,
417 1050 455 1109 et
483 1042 527 1110 ab
551 1043 626 1132 ipsa
654 1050 773 1110 mente
803 1043 1060 1131 depromptam,
1086 1061 1203 1128 quam,

157 1157 227 1225 ista
256 1156 538 1246 contemplando,
566 1179 691 1247 capere
716 1154 852 1224 soleant
882 1153 1036 1246 eleganti
1062 1155 1204 1246 ingenio

158 1271 331 1351 homines,
349 1269 411 1338 sed
429 1269 515 1337 artis
532 1270 655 1361 ignari.

222 1384 280 1452 Ao
315 1385 479 1475 primum,
518 1385 611 1474 quod
650 1383 695 1452 ad
730 1381 1017 1452 Architecturam
1054 1383 1206 1463 attinet3

158 1498 350 1579 videamus,
381 1500 409 1567 si
439 1498 538 1581 libet,
566 1500 652 1589 quid
686 1520 729 1567 ea
759 1497 885 1577 valeat,
919 1499 956 1565 in
989 1497 1204 1566 nobilissimo

159 1613 318 1680 omnium
349 1613 524 1703 exemplo.
581 1612 723 1696 Nonne,
745 1611 897 1681 Naturae
927 1613 1035 1702 ipsius
1058 1613 1204 1703 judicio,

158 1728 313 1818 profanis
331 1750 427 1796 sacra
443 1735 684 1808 secernuntur,
703 1728 904 1796 domesticis
922 1726 1054 1795 aedibus
1072 1726 1207 1817 templa

160 1840 240 1922 Dei,
254 1864 324 1910 non
343 1841 456 1910 solum
475 1844 729 1933 magnitudine,
744 1851 897 1932 sumptu,
912 1843 1069 1923 artifici0,
1083 1864 1205 1909 verum

159 1957 267 2024 etiam
296 1957 482 2046 majestate
509 1959 670 2049 quadam,
698 1958 878 2047 tacitoque
907 1957 1060 2037 horrore,
1084 1957 1207 2046 volup-

160 2079 237 2140 tate
255 2071 384 2141 mistal
411 2071 552 2161 qualem
568 2095 682 2162 neque
696 2071 865 2164 religiosis
883 2071 969 2141 locis
986 2095 1057 2140 non
1074 2072 1206 2152 adesse,

160 2207 275 2275 neque
309 2209 390 2254 eum
426 2187 627 2279 vulgaribus
663 2188 924 2268 communicari,
956 2185 1058 2255 facile
1092 2186 1207 2253 ferant

160 2299 329 2368 mortales
359 2303 477 2382 animi,
504 2301 560 2370 vel
588 2303 735 2370 minimo
762 2324 867 2370 sensu
898 2303 1040 2392 pietatis
1068 2302 1206 2368 imbuti.

161 2415 230 2498 Qui
253 2423 375 2484 autem
394 2418 521 2497 omnia,
540 2440 620 2507 quae
638 2416 855 2496 aedificarint,
874 2417 961 2486 scite
982 2440 1023 2484 ac
1044 2415 1206 2494 feliciter,

160 2553 233 2620 prae
269 2531 413 2611 caeteris
444 2532 486 2600 ad
526 2531 731 2622 religionem
766 2529 864 2599 illam
899 2530 1094 2612 retulerint,
1129 2530 1206 2598 illo-

160 2667 239 2712 rum
280 2667 386 2736 opera
419 2669 500 2714 curn
538 2647 728 2726 intuemur,
761 2646 921 2737 profecto
959 2669 981 2714 a
1015 2645 1205 2713 Poetarum

162 2759 341 2848 provincia
364 2782 406 2829 ea
428 2783 499 2829 non
517 2761 621 2851 longe
642 2763 764 2830 abesse
781 2762 961 2830 sentimus.
1014 2759 1109 2828 Nam
1132 2761 1207 2850 ipsa

159 2873 302 2953 fabrica,
338 2876 492 2943 carmine
525 2876 622 2942 omni
654 2873 789 2956 clarius,
820 2876 865 2944 de
898 2875 1033 2944 artifice
1067 2875 1208 2942 videtur

160 2986 267 3077 loqui,
289 3010 359 3078 quo
385 2989 503 3057 animo
529 2989 636 3058 fuerit
662 3012 746 3080 erga
766 2988 906 3069 Deum;
931 2998 995 3057 aut
1020 2996 1205 3079 certeque

160 3102 278 3171 animo
297 3125 374 3171 esse
392 3103 565 3172 debuerit.

211 3213 335 3307 Atque
358 3217 445 3285 illud
470 3219 578 3286 etiam
601 3220 792 3287 tenendum
820 3227 883 3299 est,
902 3217 1069 3308 plurimas
1094 3240 1207 3287 sacra-

160 3356 239 3401 rum
257 3333 384 3402 aedium
406 3357 481 3402 esse
498 3334 648 3415 fonnas;
673 3357 759 3424 quas
782 3335 947 3426 singulae,
972 3343 1013 3402 ut
1037 3336 1207 3403 memoria

159 3448 321 3528 traditur,
352 3448 501 3538 singulae
536 3457 657 3517 aetates
693 3471 789 3518 caras
818 3448 1040 3517 habueruut:
1078 3470 1205 3538 easque

159 3562 253 3629 inter
274 3584 312 3630 se
332 3563 383 3630 ita
404 3563 583 3654 distingui,
602 3572 643 3630 ut
666 3564 702 3630 in
726 3563 902 3632 communi
930 3561 992 3630 illa
1016 3563 1206 3630 sanctitate

158 3697 267 3765 quam
301 3676 534 3746 diversissime
570 3687 816 3745 commoveant
851 3678 996 3745 animos.
1064 3675 1205 3768 Religio

158 3790 253 3858 inest
269 3773 431 3860 omnibus
449 3791 595 3860 eademt
621 3792 797 3882 religionis
815 3790 920 3870 color,
940 3792 1066 3880 cuique
1083 3811 1177 3858 suus.

212 3901 283 3971 Sed
313 3926 442 3995 genera
468 3905 627 3994 quaedam
658 3905 812 3974 breviter
840 3925 1093 3996 percurramus.
1147 3900 1204 3972 Ac

159 4014 266 4083 missa
286 4015 377 4084 facio
396 4015 598 4086 Graecorum
618 4015 772 4099 delubra,
791 4041 868 4108 quae
885 4020 920 4085 in
945 4018 1076 4085 eximia
1092 4018 1205 4109 digniss

159 4138 236 4197 tate
253 4152 294 4197 ac
311 4130 573 4220 pulchritudine
592 4132 717 4201 divinae
735 4143 853 4201 tamen
869 4130 1044 4202 Veritatis
1065 4133 1203 4212 rationi,

159 4242 357 4331 nostrisque
384 4244 497 4323 sacris,
522 4266 592 4311 non
620 4247 754 4335 optime
780 4253 989 4337 congruunt.
1042 4245 1203 4326 Quorum

630 4379 654 4425 ι)
