2738 4866
157 343 328 387 νιινιωνι.
467 322 685 393 Amdiloodmr
704 271 890 388 ¹St‘omaidea.
1135 325 1200 386 285

158 489 242 560 Fuit
273 514 358 585 ergo
391 499 429 562 et
461 492 492 563 is
524 515 665 584 quoque
698 503 805 584 poeta
837 516 884 563 ex
911 515 1034 564 eorum
1060 517 1201 588 genere,

156 607 216 696 qui
251 607 344 676 viam
378 607 444 677 sibi
478 607 582 698 primi
622 609 844 691 invenerunt,
879 630 950 678 non
989 610 1097 678 modo
1136 633 1202 679 nu-

155 721 263 791 meris
288 723 505 804 innovandis,
535 744 659 792 verum
688 724 797 793 etiam
824 724 860 792 vi
890 731 932 793 a‘c
960 722 1094 794 lumine
1124 747 1203 795 sen-

155 838 368 922 tentiarum
395 839 645 931 Satyricorum,
663 840 723 930 qui
742 847 922 922 vocantur,
942 841 1202 934 antesignanus,

156 945 256 1017 velut
272 948 415 1021 Alcaeus
431 958 469 1020 et
487 950 629 1042 Sappho
648 951 865 1044 Lyricorum.

186 1061 313 1135 Restat
325 1063 535 1148 Simonides,
549 1065 752 1157 Elegiarum
767 1068 795 1137 sl
809 1090 881 1137 uon
894 1076 1027 1149 auctor,
1042 1069 1092 1157 (id
1106 1069 1201 1139 enim

156 1178 193 1265 in
215 1177 332 1261 dubio,
350 1189 392 1249 ut
409 1181 528 1262 nostis,
546 1179 714 1270 relinquit
736 1181 948 1274 Horatiusffl)
967 1191 1004 1252 at
1027 1191 1124 1254 certe
1140 1184 1202 1274 qui

155 1293 194 1361 in
219 1291 359 1387 lugubri
380 1317 423 1364 eo
445 1317 586 1388 genere,
605 1297 741 1387 judicio
759 1305 930 1379 veterum,
953 1298 1082 1389 primas
1107 1297 1201 1367 tulit.

157 1407 235 1490 Ille,
264 1417 306 1478 ut
335 1408 581 1492 Archilochus,
613 1434 696 1481 cum
726 1413 798 1482 suis
828 1408 938 1482 oculis
968 1413 1203 1482 consideraret

157 1546 257 1594 casus
283 1523 478 1607 hominum,
513 1548 725 1617 omnemque
759 1526 849 1596 hauc
883 1529 1058 1597 malorum
1092 1531 1203 1597 varie·

158 1647 280 1720 tatem,
308 1647 452 1730 propter
479 1663 566 1731 quae,
593 1650 765 1732 concepta
794 1664 892 1732 paene
922 1641 1083 1723 formula,
1111 1664 1204 1710 mor-

157 1752 246 1823 tales
275 1776 297 1823 a
322 1754 499 1823 veteribus
525 1754 612 1850 σρνί
636 1757 884 1838 nominantur3
919 1756 1021 1838 hano,
1048 1757 1202 1846 inquam,

156 1868 417 1959 contemplatus
446 1866 658 1954 Simonides,
689 1870 751 1938 sed
788 1871 832 1938 de
860 1869 1051 1962 longinquo
1081 1872 1203 1962 magis,

155 1992 194 2052 et
227 1982 402 2052 sedatiore
435 1983 565 2052 mentis
599 1982 713 2066 oculo,
748 2005 848 2053 curas
882 1983 1038 2053 leniebat
1076 1983 1203 2053 talium

157 2098 352 2166 carminum
383 2105 516 2178 tenore,
546 2121 624 2189 quae
654 2096 842 2167 dulcedine
872 2099 1023 2190 quadam
1053 2120 1117 2167 sua
1142 2099 1204 2167 do·

155 2219 278 2283 carent
304 2212 475 2295 homines,
501 2212 672 2305 lacrymas
694 2235 770 2282 esse
796 2214 853 2301 (ut
881 2214 932 2282 ait
959 2214 1117 2305 quidam)
1145 2213 1202 2283 vel

155 2327 328 2419 optimam
345 2327 454 2396 nostri
473 2349 594 2399 sensus
612 2336 760 2419 partem.
792 2327 915 2397 Unum
928 2338 1036 2421 atque
1049 2329 1201 2399 alterum

155 2442 355 2512 exscribere
380 2441 506 2525 liceat;
532 2465 610 2534 quae
630 2464 761 2535 genere
784 2465 925 2533 quoque
946 2444 1086 2513 dicendi
1107 2466 1204 2514 com-

155 2565 355 2628 monstrent
373 2556 523 2626 Homeri
541 2557 691 2650 vestigia
706 2558 854 2626 minime
871 2558 989 2628 dubia.

297 2763 373 2827 Σῶμα
384 2757 431 2827 μίν
442 2756 577 2823 σ’λλοδοπὴ
590 2754 672 2809 κεύθει
684 2758 760 2811 κόνις·
780 2755 807 2810 ίν
819 2755 850 2809 δέ
859 2778 893 2810 σε
903 2758 998 2828 πόντῳ,

350 2841 514 2906 Κλείσθενες,
527 2840 639 2914 Εὐξείνῳ
651 2839 728 2910 Μοῖρ’
741 2841 826 2911 ἔκιχεν
838 2839 947 2895 θανᾶτου

296 2930 464 2997 πλαζόμενον
483 2929 611 2998 γλυκεροῦ
623 2926 652 2979 δὲ
663 2926 822 2995 μελίφρονος
833 2924 919 2980 οἴκαδε
931 2929 1028 2981 νόστου

350 3015 490 3082 ἧμπλακες,
503 3010 556 3066 οὐδ’
569 3009 623 3066 ίκεν
635 3014 698 3065 Χῖον
709 3011 736 3067 ἐς
747 3010 893 3082 ἀμφιρύτην
900 3019 921 3067 “.

298 3210 336 3277 Φῆ
347 3229 411 3261 ποτε
423 3208 561 3278 Τίμαρχος,
573 3208 671 3277 πατρὸς
681 3207 741 3278 περὶ
753 3208 843 3276 χεῖρας
854 3205 968 3275 ἔχοντος,

350 3291 412 3362 ἡνίκ’
424 3293 470 3364 ἀφ’
485 3293 588 3363 ἱμερτὴν
600 3293 688 3347 ἔπνεεν
698 3292 807 3360 ἡλικίην,

298 3379 319 3433 ί)
331 3378 493 3449 Τιμηνορίδη,
505 3378 598 3434 παιδὸς
608 3378 691 3449 φίλου
702 3381 796 3432 οὔποτε
807 3374 887 3444 λύσῃ,
985 3423 988 3430 .

349 3463 401 3519 οὔτ’
414 3464 506 3535 ἀρετὴν
516 3463 625 3528 ποθέων,
637 3467 696 3518 οὕτε
708 3460 897 3534 σωφροσύνην
904 3467 924 3514 ⁰.

208 3651 375 3721 Diximus
395 3651 440 3720 de
461 3650 582 3721 Poetis
609 3649 833 3720 Minoribus:
863 3668 951 3737 quos
972 3644 1052 3715 ideo
1074 3644 1203 3713 cursim

155 3767 363 3838 excitandos
393 3766 525 3859 putavi,
553 3773 596 3834 ut
625 3765 878 3843 confirmarem,
909 3760 1022 3852 spatia
1051 3759 1203 3828 Poeseos

156 3881 354 3952 Hellenicae
400 3887 545 3971 propter
587 3865 785 3948 Homerum
827 3899 899 3946 non
941 3872 1204 3964 circumscripta

156 3997 275 4077 fuisse,
306 3995 366 4070 sed
401 3995 438 4064 in
471 3993 576 4063 latius
606 3994 770 4062 diducta:
807 3989 912 4061 simul
940 3996 980 4057 ut
1008 3995 1117 4056 testes
1144 4008 1205 4055 eos

156 4215 174 4239 ¹¹
193 4207 253 4260 Art.
266 4208 340 4260 Post.
355 4219 396 4277 77.
443 4214 459 4242 ¹¹
477 4203 529 4273 Ap.
543 4202 676 4266 Gaisford,
690 4203 763 4256 Poet.
773 4202 842 4255 Min.
854 4201 872 4256 i.
885 4219 912 4270 p.
925 4199 987 4270 386.
1034 4206 1045 4230 ⁰
1063 4197 1131 4252 ibid.
1143 4198 1205 4268 387.
