2738 4866
215 339 280 402 340
507 335 681 420 AEsclyleae
695 333 910 401 άνιάδὶιιιάννου
1088 353 1187 395 rann.
1202 353 1269 394 xrx.

214 515 348 600 'gueant
376 505 499 576 animi.
557 504 734 576 Omnibus
761 504 872 597 igitur
904 500 1127 593 temporibus
1160 498 1269 592 vnlgo

216 629 272 691 est
301 621 487 702 creditum,
522 619 761 713 praesensione
789 618 943 709 quadam
969 638 1080 686 canes
1104 622 1205 686 certe
1232 622 1269 683 et

217 757 328 827 equos
361 734 519 805 divinare
549 758 631 826 quae
664 735 737 804 sint
770 734 891 803 lutura
924 731 1022 800 domi
1051 729 1268 811 infortunia3

215 850 352 940 quinat
368 849 508 918 indiciis
525 871 596 917 non
613 849 702 918 adeo
719 846 888 929 obscuris,
900 854 1075 937 quantum
1090 846 1129 914 in
1146 865 1184 914 se
1203 852 1268 926 est,

216 985 375 1033 monere.
440 961 512 1032 Hic
538 985 711 1054 augurum
739 970 780 1032 et
806 963 1006 1052 aruspicum
1025 961 1146 1030 ,ferme
1174 981 1268 1028 cama

215 1099 303 1169 pus;
339 1076 422 1146 hinc
447 1076 588 1146 locutus
617 1074 770 1146 Achillis
800 1098 932 1166 equus3
970 1076 1053 1145 hinc
1079 1097 1160 1166 quae
1190 1072 1268 1164 plu·

216 1191 307 1261 rime
319 1191 511 1282 viguerunt
527 1190 620 1281 apud
638 1191 788 1281 majores
805 1199 943 1260 nostros
958 1198 1171 1270 commenta,
1181 1210 1267 1259 cum

214 1305 346 1376 illustri
363 1306 491 1396 cuique
513 1304 658 1374 familiae
680 1326 784 1373 suum
801 1304 901 1395 quasi
918 1304 1083 1373 nuntium
1102 1302 1267 1374 instantis

216 1418 308 1489 forte
342 1418 428 1488 mali
462 1418 671 1501 tribuerent,
705 1441 771 1489 seu
802 1418 986 1489 volucrem>
1016 1441 1079 1489 seu
1115 1418 1268 1508 quadru-

215 1530 357 1624 pedem,
388 1557 460 1603 non
487 1536 562 1604 sine
590 1533 670 1604 Diis
693 1535 861 1605 edentem
896 1535 1025 1604 omina.
1088 1533 1267 1602 Novimus

221 1648 331 1717 etiam
365 1649 551 1738 praestanti
584 1649 734 1719 artificio
767 1649 985 1740 scriptorem,
1019 1649 1080 1739 qui
1116 1649 1266 1740 gratiam

216 1761 359 1832 lectoris
389 1762 445 1832 vel
476 1785 519 1834 eo
549 1765 725 1855 praecipue
753 1766 956 1856 captaverit,
984 1765 1080 1855 quod
1106 1763 1266 1856 generosi

215 1878 313 1948 canis
331 1878 495 1948 fortunae
513 1877 574 1946 filo
591 1878 694 1948 velut
713 1902 785 1948 uno
803 1902 885 1949 cum
905 1877 1033 1949 fabulae
1053 1901 1127 1950 suae
1143 1887 1267 1949 tenore

215 1993 402 2063 decurrere
419 2015 491 2061 non
509 1992 619 2062 semel
637 1993 799 2063 voluerit.

266 2105 351 2176 Jam
381 2106 549 2200 AEschylo
576 2116 696 2177 nostro
726 2108 828 2178 valde
856 2108 1027 2200 placuisse
1057 2110 1175 2190 istam,
1206 2130 1267 2178 seu

214 2221 485 2313 philosophiam,
509 2224 584 2292 sive
609 2226 895 2314 superstitionem
918 2223 1084 2316 appelles,
1105 2224 1267 2293 testimo-

214 2337 275 2404 nio
303 2337 374 2405 sint
399 2336 509 2428 ipsius
534 2338 713 2421 carmina;
743 2339 803 2429 qui
832 2339 985 2430 primum
1014 2336 1266 2408 delicatissimo

215 2450 321 2534 flexu,
349 2451 449 2523 velut
469 2453 530 2543 qui
553 2453 591 2521 in
611 2453 683 2522 suis
708 2461 867 2522 versetur
889 2452 1034 2534 deliciis
1061 2455 1197 2523 variare
1227 2475 1267 2521 ac

214 2566 390 2636 deducere
425 2566 514 2636 solet
550 2590 609 2635 eas
643 2567 865 2658 potissimum
896 2566 1155 2650 similitudines„
1191 2592 1265 2659 quae

214 2683 413 2752 amoribus
437 2683 615 2773 pecudum
638 2691 674 2752 et
693 2682 846 2752 ferarum
863 2691 1044 2774 petuntur.
1098 2682 1264 2776 Exempli

214 2794 293 2865 loco
310 2797 357 2865 sit
374 2795 577 2865 dulcissima
595 2793 805 2886 Supplicum
824 2792 1040 2866 cantilena¹:

423 2940 463 2995 ἰ’δε
475 2939 509 3010 με’
520 2963 566 2995 ταν
578 2939 658 2995 ἱκέτιν
667 2941 773 3012 φυγάδα
784 2941 941 3010 περίδρομον

424 3028 609 3081 λευκόστικτον
620 3027 655 3082 ὣς
667 3027 778 3095 δάμαλιν
789 3026 930 3097 ἀμπέτραις

424 3111 597 3180 ἡλιβάτοισιν·
617 3114 683 3182 άλκᾷ

424 3197 534 3252 πίσυνος
545 3196 641 3265 μέμυκε
652 3197 791 3267 φράζουσα
802 3199 894 3266 βοτῆρι
907 3198 1030 3269 μόχθους.

213 3316 379 3385 Profecto
405 3318 465 3407 qui
491 3319 543 3388 ita
570 3319 718 3410 scripsit,
745 3321 774 3389 is
800 3343 943 3391 necesse
968 3329 1023 3392 est
1049 3345 1120 3392 non
1147 3323 1261 3393 solum

211 3430 314 3499 oculo
342 3432 491 3517 intento,
514 3456 637 3502 verum
661 3435 769 3503 etiam
791 3435 921 3506 affectu
950 3459 1022 3505 non
1048 3436 1131 3522 levi,
1156 3461 1262 3529 pecu-

211 3545 296 3614 dum
314 3567 430 3615 mores
447 3555 485 3616 et
502 3548 620 3617 studia
637 3549 899 3640 contemplatus
916 3551 1034 3620 fuerit.

261 3657 383 3740 Quid?
435 3660 630 3731 Cassandra
646 3663 795 3754 jamjam
819 3665 989 3733 moritura
1008 3687 1128 3733 nonne
1151 3689 1199 3736 ex
1225 3689 1261 3736 se

211 3775 472 3862 quodammodo
493 3777 637 3867 rapitur,
659 3784 766 3867 atque
787 3779 825 3846 in
847 3779 997 3848 sublime
1015 3779 1145 3862 evolat,
1162 3805 1262 3851 men-

212 3888 311 3957 tione
345 3889 451 3958 modo
486 3889 580 3960 facta
613 3890 770 3961 lusciniae
804 3893 1008 3964 cantantis?
1076 3893 1261 3966 Nimirum

211 4001 358 4084 Chorus,
373 4004 432 4094 qui
446 4026 523 4074 mos
540 4013 595 4075 est
609 4005 715 4098 vulgo
729 4007 925 4090 hominum,
942 4009 1016 4089 avis
1029 4011 1106 4100 ejus
1124 4034 1261 4096 vocem,

211 4119 342 4209 quippe
360 4129 470 4194 noctu
487 4120 561 4192 fere
578 4123 747 4205 auditam,
766 4124 965 4195 contulerat
983 4148 1065 4195 cum
1082 4125 1261 4197 flebilibus
1341 4139 1348 4154 ·

636 4315 642 4345 ¹
662 4316 753 4385 Suppl.
767 4331 829 4388 354.
