2738 4866
154 347 252 388 rann.
265 347 296 385 v.
369 333 403 388 ut
416 323 451 386 ia
465 320 666 408 religionibm,
681 322 725 384 sio
739 321 821 384 ia‘rc
836 322 970 384 Pontico.
1164 321 1208 384 63

156 493 274 578 parte)
305 483 507 554 inconsulta
535 484 694 552 barbarae
721 481 835 573 plebis
863 482 1084 572 superstitio:
1121 505 1208 551 num

156 599 327 670 credibile
350 607 415 680 est,
434 598 589 689 potuisse
616 619 695 665 eam
721 597 772 665 ita
796 597 858 665 diu
880 596 1023 686 lateque
1047 596 1209 679 obtineri,

158 715 226 783 nisi
260 715 304 782 ad
335 721 497 782 naturam
528 711 754 800 indolemque
784 711 969 779 hominum
999 721 1210 803 congrueret

158 827 422 919 quodammodo
448 848 489 894 ac
516 824 767 915 responderet?
818 822 900 892 Jam
924 825 1052 892 nostris
1069 849 1210 916 quoque

159 963 300 1032 semper
316 941 351 1009 id
371 940 514 1031 placuit,
531 947 573 1007 ut
590 938 714 1029 nequis
728 938 955 1007 sanctissimis
972 938 1063 1007 adsit
1081 947 1211 1030 myste-

159 1057 231 1137 riis,
259 1064 391 1147 praeter
424 1077 495 1136 eos,
527 1054 588 1143 qui
621 1052 742 1122 τελειοι
771 1061 963 1122 vocantur:
1006 1052 1211 1145 gravissimo

160 1194 245 1240 sane
271 1169 447 1261 exemplo,
476 1170 652 1260 dignoque
679 1169 746 1258 piis
773 1175 810 1236 et
837 1167 973 1257 pudicis
999 1167 1210 1239 hominibus.

163 1285 227 1355 Sin
254 1308 274 1354 e
297 1293 393 1354 coetu
421 1292 459 1353 et
486 1281 667 1373 republica
694 1282 868 1351 Ecclesiae
895 1282 940 1350 ad
969 1283 1124 1375 singulos
1150 1285 1213 1353 ho-

162 1401 277 1470 mines
294 1399 507 1468 descendere
525 1397 655 1478 libeat;
680 1420 798 1466 nonne
816 1398 1053 1488 integerrimae
1071 1399 1213 1488 pietatis

162 1523 227 1596 est,
245 1537 298 1594 ea,
317 1536 398 1604 quae
416 1512 461 1581 ad
480 1511 598 1580 Deum
616 1513 807 1603 pertinent,
825 1534 930 1602 parce
954 1535 995 1581 ac
1015 1517 1212 1584 verecunde

161 1627 347 1719 proloqui?
383 1625 545 1717 religiose
573 1627 610 1692 in
640 1625 868 1716 religionibus
900 1628 1052 1696 versarii
1083 1651 1212 1719 pauco-

162 1765 243 1812 rum
260 1742 364 1811 valde
381 1740 565 1809 hominum
585 1761 671 1820 esse,
690 1763 771 1809 cum
789 1741 834 1809 de
851 1740 1022 1830 placando
1043 1741 1212 1826 Numine,

163 1856 324 1947 caeloque
357 1855 536 1935 merendo,
566 1876 681 1923 sermo
716 1854 850 1924 oritur?
914 1853 968 1922 Re
998 1877 1070 1922 non
1099 1857 1215 1925 verbis

163 1970 391 2040 sanctitatem
409 1991 483 2058 prae
501 1991 539 2037 se
557 1967 696 2037 ferunt:
723 1990 939 2057 aureumque
963 1968 1053 2038 illud
1077 1992 1215 2060 semper

163 2085 448 2162 reminiscuntur,
467 2081 585 2150 “Non
603 2105 732 2174 magua
750 2083 937 2174 loquimur,
951 2086 1011 2153 sed
1030 2085 1214 2156 vivimus:”

164 2199 231 2267 nisi
258 2198 427 2287 siquando
454 2195 632 2287 religionis
657 2196 766 2285 ipsius
791 2196 939 2276 intersit,
958 2205 999 2265 ut
1017 2222 1135 2267 coram
1153 2222 1215 2291 po-

164 2313 262 2404 pulo,
280 2312 365 2402 quid
382 2310 448 2380 sibi
466 2309 587 2390 velint,
607 2310 797 2379 declarent.

215 2426 303 2496 “At
323 2426 419 2495 enim
444 2424 615 2506 nonnulli,
637 2424 786 2516 simplici
811 2427 957 2516 pietate,
982 2450 1053 2496 nou
1078 2438 1215 2500 cessant

165 2562 313 2633 peccare
338 2541 375 2607 in
401 2539 669 2608 verecundiam:
701 2539 821 2622 immo,
844 2540 1032 2632 religiones
1061 2544 1216 2634 ineptius

164 2655 369 2747 ingerendo,
388 2654 479 2722 fiunt
496 2652 649 2734 molesti,
667 2675 712 2720 ne
731 2653 845 2720 dicam
864 2654 1007 2722 odiosi.'’

216 2767 274 2838 Ac
304 2769 418 2837 fateor
448 2768 632 2858 equidem:
664 2775 725 2835 aut
759 2768 853 2834 enim
885 2767 1037 2837 fanatico
1064 2771 1216 2859 quodam

166 2892 339 2977 urgentur
369 2906 495 2964 errore,
523 2890 586 2951 aut
615 2905 713 2972 spem
742 2882 864 2950 fovent
894 2884 1046 2965 inanem,
1075 2885 1216 2955 forent

166 3000 236 3068 isto
265 2999 371 3066 modo
400 2997 517 3088 plures
552 2995 752 3066 alliciantur
785 2997 830 3064 ad
865 2998 1061 3067 veritatem.
1119 3001 1217 3082 Quos

168 3121 289 3182 tamen
316 3114 409 3203 ipsos
439 3094 683 3203 saepenunrero
713 3111 932 3191 crediderim,
957 3137 1037 3181 cum
1065 3116 1216 3205 primum

168 3226 367 3296 istiusmodi
384 3235 492 3296 sectae
511 3225 635 3294 darent
658 3225 811 3305 nomina,
828 3225 925 3294 miris
947 3229 1060 3296 modis
1078 3231 1158 3322 angi
1176 3254 1217 3300 ac

168 3342 347 3434 torqueri:
376 3342 488 3410 donec
513 3363 597 3410 usus
621 3340 750 3410 callum
776 3341 965 3410 obduxerit
988 3344 1114 3426 animo,
1132 3348 1219 3437 pris-

170 3457 256 3526 tinae
286 3454 449 3547 queillius
480 3455 553 3524 sive
585 3455 723 3523 inertiae
750 3476 812 3522 seu
837 3455 982 3544 pudoris
1013 3456 1219 3528 dedocnerit

169 3569 366 3638 infantiam.
419 3568 473 3639 Ut
490 3574 632 3638 maneat
651 3569 771 3648 ferme,
792 3569 886 3659 quod
907 3567 1072 3638 effectum
1092 3573 1218 3642 velim:

169 3683 280 3751 tacita
304 3680 513 3772 plerumque
543 3680 741 3749 reverentia
767 3704 808 3750 ac
838 3682 971 3772 pudore
997 3685 1093 3753 nosci
1121 3708 1220 3756 veros

172 3795 243 3865 Dei
260 3795 424 3866 cultores.

221 3909 304 3979 Jam
335 3933 457 3979 eorum
489 3909 549 4000 qui
579 3919 710 3992 amant,
736 3933 858 3979 eorum
890 3912 998 3980 etiam
1025 3916 1084 4004 qui
1115 3921 1220 3989 sacris

172 4027 278 4094 anxie
295 4024 490 4116 invigilant,
511 4025 635 4093 eadem
653 4047 694 4093 ac
713 4023 903 4094 Poetarum
922 4037 976 4095 est
994 4029 1103 4100 ratio:
1131 4033 1221 4104 Poe-

174 4147 228 4209 tas
259 4141 338 4209 dico
366 4140 426 4232 qui
456 4140 563 4208 animi
595 4161 700 4209 causa
729 4140 899 4223 scribunt,
924 4142 1044 4232 quales
1074 4152 1221 4223 anobis

174 4256 290 4324 vocari
319 4255 435 4324 solent
460 4254 632 4325 Primarii.
684 4253 818 4325 Omnes
844 4257 972 4347 quippe
1001 4259 1038 4326 in
1068 4283 1110 4330 eo
1138 4287 1221 4334 con-
