2738 4866
159 361 250 404 mnu.
265 361 336 405 xm.
369 341 500 406 Sarma
515 339 690 403 namma
704 338 742 403 de
756 336 857 423 repud
871 337 1033 401 amicalia.
1141 335 1207 404 219

160 507 295 594 Mirum
312 510 349 578 ui
370 532 414 580 ea
432 509 634 603 legentibus
650 509 770 578 veniat
787 508 975 599 aliquando
991 508 1029 576 in
1046 514 1205 576 mentem

160 622 347 716 Virgiliani
366 625 473 707 illius,

301 823 501 842 ............
511 783 569 840 Illlc
582 785 665 838 saltus
678 791 704 838 et
715 785 801 838 lustra
811 784 937 847 feramur,

299 871 337 925 Et
348 871 451 942 patiens
463 889 584 941 operum,
596 888 732 942 parvoque
744 879 849 924 assueta
856 871 994 941 juventus,

300 957 381 1011 Sacra
393 958 493 1021 Deum,
506 958 643 1029 sanctique
656 957 764 1010 Patres:
782 965 900 1010 extrema
911 974 959 1026 per
970 956 1029 1013 illos

297 1042 408 1098 Jusnda
419 1042 548 1098 excedens
560 1043 637 1096 terris
649 1043 760 1113 vestigia
771 1043 842 1096 lecit.

160 1198 290 1290 Neque
307 1221 390 1268 vero
416 1220 462 1268 ex
486 1196 559 1267 ulla
581 1206 682 1289 parte
702 1197 845 1288 propius
867 1197 1020 1266 invicem
1037 1198 1205 1267 accedere

159 1312 309 1382 dixerim
320 1314 440 1384 Graiae
451 1313 690 1404 Romanaque
702 1312 854 1382 Poeseos
868 1314 1055 1383 antistites.
1082 1313 1205 1384 Verbo

160 1428 297 1499 dicam:
325 1431 384 1520 qui
411 1430 549 1521 scripsit
572 1429 756 1520 Georgica,
774 1450 916 1497 necesse
940 1436 994 1497 est
1018 1428 1205 1520 aliquando

159 1565 240 1610 cum
266 1543 417 1613 Eumaeo
442 1543 560 1635 aliquo
581 1543 720 1614 vixerit.
773 1541 911 1612 Verum
936 1542 981 1612 ad
1006 1542 1204 1613 Homerum

159 1659 364 1740 redeamus;
391 1681 497 1749 quem
515 1681 588 1740 nos,
606 1656 807 1749 hujusmodi
831 1658 1026 1727 rationibus
1049 1659 1204 1740 adducti,

158 1773 365 1862 conjicimus
382 1773 522 1842 labanti¹
534 1771 695 1841 Heroum
715 1771 908 1863 disciplinae
927 1780 1107 1862 utcunque
1128 1795 1206 1842 suc-

158 1909 299 1957 currere
318 1887 480 1957 voluisse.

207 1999 305 2069 Illud
322 2000 490 2072 clausulae
507 2000 586 2070 loco
604 2002 788 2092 adjiciam;
814 2001 872 2090 qui
897 2000 934 2068 in
954 1998 1134 2092 Odysseia,
1151 2001 1205 2069 uti

160 2115 307 2198 vidistis,
331 2115 429 2186 nulla
451 2117 584 2185 virtute
609 2140 733 2208 procos
758 2115 883 2186 redimi
908 2113 1032 2197 voluit,
1047 2116 1143 2185 idem
1168 2116 1206 2185 in

158 2229 272 2300 Iliade
305 2238 378 2300 tam
412 2231 641 2321 Trojanorum
684 2254 789 2321 quam
833 2229 1018 2299 Graiorum
1062 2253 1205 2300 suorum

159 2367 325 2436 personas
355 2368 400 2415 ex
428 2346 530 2415 bonis
555 2345 728 2437 malisque
757 2346 956 2437 aequissime
983 2348 1205 2437 temperavit.

160 2459 247 2530 Non
281 2461 356 2530 sine
390 2483 504 2542 causa,
538 2461 626 2529 mihi
661 2461 806 2543 credite,
837 2468 910 2528 tarn
945 2461 999 2529 sui
1030 2460 1206 2530 dissimilis

159 2575 349 2644 invenitur.
401 2575 535 2658 Quidni
553 2597 637 2668 ergo
655 2577 853 2654 statuimus
873 2574 1021 2644 Poetam
1039 2575 1098 2644 hio
1115 2575 1206 2645 sedi-

158 2691 269 2759 tiosos
295 2690 333 2757 in
360 2685 541 2781 republica
569 2691 814 2783 perstringere,
844 2688 918 2758 illic
953 2691 1132 2759 communi
1168 2698 1206 2759 et

160 2813 284 2895 aperto
301 2803 396 2873 hosti
414 2804 554 2873 debitas
570 2811 612 2873 ut
628 2805 669 2873 fit
688 2806 844 2876 tribuere
860 2804 1006 2874 laudes?

207 3032 371 3115 Habetis,
390 3031 608 3116 Academici,
627 3036 707 3126 quae'
728 3036 765 3104 in
786 3035 853 3105 hac
877 3037 1074 3126 quaestione
1099 3035 1206 3104 hodie

157 3146 370 3238 disputanda
396 3147 485 3215 mihi
519 3149 594 3218 visa
627 3156 721 3219 sunt.
792 3149 850 3218 Ex
884 3150 1011 3241 quibus
1045 3149 1205 3229 efficitur,

155 3260 330 3352 probabili
365 3271 462 3330 certe
495 3263 642 3346 ratione,
674 3286 819 3356 sponsos
853 3263 1050 3355 Penelopes
1083 3285 1206 3333 eorum

156 3398 343 3467 personam
377 3376 478 3458 ferre,
508 3379 567 3468 qui
602 3401 640 3448 se
674 3379 750 3448 istis
784 3379 1001 3470 temporibus
1035 3399 1205 3446 novarum

156 3513 275 3561 rerum
301 3491 447 3581 cupidos
471 3500 718 3575 monstrarent,
742 3492 903 3563 Heroum
930 3516 971 3562 ac
996 3491 1205 3585 religionum

157 3612 431 3696 contemptores.
490 3606 606 3697 Ipsius
635 3617 756 3677 autem
787 3607 912 3676 Poetae
941 3608 1093 3676 vidimus
1123 3629 1207 3676 eum

156 3741 298 3810 prorsus
315 3718 613 3805 fuisse'animum
630 3730 672 3790 ut
690 3722 835 3813 antiqua
851 3721 1034 3802 hesternis,
1052 3721 1206 3813 profanis

157 3839 389 3914 sacrosancta,
408 3832 505 3926 vulgi
529 3833 740 3904 clamoribus
765 3833 977 3926 dignitatem
998 3834 1125 3924 optimi
1146 3856 1206 3901 cu·

151 3947 283 4036 jusque
316 3944 416 4015 nullo
450 3970 522 4017 non
556 3956 716 4040 ternpore
750 3948 1017 4018 anteferendam
1052 3955 1205 4039 putaret.
1295 3966 1296 3970 ’

158 4060 287 4150 Itaque
304 4081 361 4129 res
377 4082 420 4127 eo
438 4061 540 4142 redit,
558 4084 628 4152 quo
646 4061 738 4132 solet
758 4062 872 4131 redire
891 4063 1005 4131 omnis
1025 4073 1145 4132 nostra
1162 4062 1206 4132 de

159 4173 360 4244 Homericis
395 4177 675 4267 argumentatio:
719 4186 760 4246 ut
802 4178 969 4246 certiores
1010 4177 1205 4246 identidem

157 4288 292 4370 fiamus,
312 4289 441 4372 Poesin
464 4290 540 4380 ejus
562 4290 651 4359 nihil
677 4291 772 4362 aliud
794 4314 910 4384 agere,
929 4292 995 4360 nisi
1012 4300 1053 4360 ut
1074 4290 1207 4381 aliqua·
1285 4328 1288 4333 Δ
