2738 4866
157 355 252 396 rama.
263 355 330 396 vnr.
375 334 454 418 qaid
464 333 499 397 ιἰι
506 334 661 419 patriam,
675 333 753 418 qaid
765 333 799 397 ι’νι
812 333 902 396 tosta
915 334 1045 399 animas.
1143 333 1203 396 101

158 506 263 576 amici
286 507 454 599 perirent.
507 506 612 590 Quod
630 529 829 598 quanquam
850 507 1009 575 neutrius
1026 507 1142 576 verbis
1161 508 1206 576 sit

158 621 374 713 expressum,
407 621 559 715 intelligi
597 630 719 692 tamen
759 622 890 692 debet:
929 644 1044 712 neque
1082 644 1206 713 parum

157 737 253 807 valet
270 739 316 808 ad
333 748 492 809 mentem
510 739 694 828 utriusque
711 737 976 828 assequendam.
1013 737 1206 827 Utcunque
1277 770 1280 777 ·

158 853 234 935 erit,
253 854 475 946 mitigabitur
492 862 589 923 certe
611 854 779 922 atrocitas
795 852 858 920 illa
874 851 1051 920 Achilleae
1068 853 1206 935 indolia

157 969 185 1036 si
210 969 318 1038 modo
339 968 450 1038 semel
474 991 518 1038 ea
543 967 649 1059 digna
672 968 860 1048 videbitur,
878 989 955 1056 quae
971 966 1009 1034 in
1029 990 1208 1059 compara-

158 1083 294 1151 tionem
313 1081 534 1152 Sanctissimi
552 1081 662 1174 Regis
679 1081 810 1151 veniat.

209 1195 283 1266 Sed
309 1196 384 1266 haeo
413 1196 594 1266 hactenus.
647 1194 774 1266 Altera
802 1205 878 1266 erat
905 1197 1055 1266 heroicae
1081 1196 1208 1266 indolis

156 1333 248 1401 pars,
266 1318 309 1379 ut
336 1310 468 1381 Graeois
485 1310 557 1380 suis
571 1310 694 1380 sedulo
712 1311 842 1401 primas
859 1310 1067 1392 tribuerent,
1085 1311 1208 1380 virtuti

157 1434 280 1495 autem
310 1425 455 1509 bellicae,
485 1426 642 1496 hostium
674 1448 824 1517 quoque,
858 1426 957 1495 nullo
987 1427 1094 1495 modo
1128 1449 1208 1496 suas

157 1550 330 1634 negarent
357 1540 489 1611 laudes.
541 1540 647 1624 Quod
677 1541 722 1611 ab
746 1541 907 1612 Homero
937 1542 1014 1633 ipso
1040 1564 1104 1633 per
1130 1544 1209 1611 uni·

157 1679 296 1726 versam
323 1656 436 1726 Iliada
461 1665 650 1740 servatum,
668 1654 804 1726 Achilli
829 1659 1056 1750 cumprimis
1082 1681 1209 1728 conve-

157 1773 290 1843 niebat.
342 1771 458 1865 Igitur
482 1772 543 1842 ille
567 1774 740 1865 princepe,
762 1795 887 1844 exorsa
912 1783 1022 1865 peste,
1041 1780 1145 1843 vocat
1170 1774 1208 1842 in

157 1887 350 1959 concilium
378 1889 579 1980 optimates.
632 1888 734 1958 Illius
760 1896 928 1959 maternae
955 1911 1055 1980 paene
1082 1888 1208 1981 vigiliae

158 2004 309 2096 ingratae
325 2003 447 2095 patriae
464 2003 556 2073 fiunt
573 2004 779 2094 opprobrio:

442 2170 448 2184 .
469 2171 476 2186 .
497 2170 503 2184 .
522 2131 578 2186 ε’πεὶ
590 2132 636 2184 οὐκ
647 2130 697 2200 ἄρα
708 2153 747 2187 τις
758 2132 836 2202 χάρις
847 2129 899 2199 ἦεν,

298 2217 445 2286 μάρνασθαι
456 2216 552 2286 δηΐοισι
563 2215 618 2286 μετ’
630 2217 740 2286 ἀνδράσι
752 2218 865 2287 νωλεμὲς
877 2219 927 2271 alei
946 2259 953 2272 .
973 2259 980 2272 .

301 2344 308 2358 .
329 2342 336 2357 .
355 2303 416 2356 οὐδέ
426 2325 451 2357 τι
462 2304 507 2372 μοὶ
517 2303 665 2368 πεσίκειται,
679 2304 734 2357 ἐπεὶ
745 2304 828 2358 πάθον
840 2305 921 2376 ὄλγεα
933 2306 1013 2378 θυμῷ,

301 2389 350 2443 αἰεὶ
363 2389 426 2458 ε’μὴν
435 2389 527 2460 ψυχὴν
537 2392 771 2459 παραβαλλόμενος
781 2391 936 2460 πολεμίζειν.

298 2476 333 2532 ὡς
345 2475 367 2528 δ’
380 2475 448 2546 ὅρνις
459 2475 555 2544 ἀπτῆσι
566 2479 705 2531 νεοσσοῖσι
716 2477 867 2548 προφέρῃσι

299 2561 417 2632 μάστακ’,
428 2563 485 2616 ἐπεί
495 2585 523 2617 κε
534 2564 642 2632 λάβῃσι,
655 2570 736 2621 κακῶς
749 2564 779 2618 δέ
789 2587 818 2619 τε
830 2567 855 2617 οἱ
865 2564 941 2618 πέλει
955 2566 1028 2636 αὐτῇ·

299 2651 335 2706 ὧι
347 2651 388 2704 καὶ
400 2650 451 2720 ἐγὼ
461 2651 565 2706 πολλὰς
575 2651 622 2719 μὲν
633 2648 744 2707 ἀΰπνους
756 2649 845 2706 νῦκτας
856 2649 937 2714 ἴαυον,

301 2737 384 2806 ἤματα
396 2735 418 2789 δ’
431 2738 583 2805 αἱματόεντα
593 2735 754 2808 διέπρησσον
764 2737 917 2806 πολεμίζων,

300 2821 409 2898 ἀνδράσι
420 2823 587 2892 μαρνάμενος,
600 2822 684 2894 ὀάρων
695 2822 768 2877 ἕνεκα
780 2823 959 2894 σφετεράωνθ.

153 2946 222 3016 Ille
240 2944 457 3026 Patroclum,
472 2945 623 3016 incensis
640 2946 717 3037 jam
740 2947 899 3029 navibus,
917 2947 1011 3017 ultro
1035 2948 1080 3017 ad
1105 2970 1205 3017 arma

157 3063 326 3143 concitat,
343 3060 434 3157 μηρώ
451 3058 677 3153 τληξάμενοςε

294 3187 405 3259 Ὀρσεο,
418 3190 537 3261 Διογενὲς
548 3192 717 3259 Πατρόκλεις,
728 3190 908 3245 ἱπποκέλευθε

299 3274 407 3330 λεύσσω
420 3276 451 3344 δὴ
462 3279 533 3346 παρὰ
544 3277 620 3344 νηυσὶ
631 3277 713 3346 πυρὸς
725 3274 806 3344 δηΐοιο
820 3275 888 3344 ἰωήν·

297 3362 332 3432 μὴ
344 3363 375 3432 δὴ
388 3365 448 3431 νῆας
458 3361 552 3426 ἕλωσι,
565 3363 606 3416 καὶ
618 3362 701 3417 οὐκέτι
713 3363 800 3432 φυκτὰ
811 3362 950 3416 πελωνται.

301 3446 381 3502 δύσεο
392 3445 485 3517 τεῦχεα
497 3445 606 3510 θᾶσσον,
619 3447 670 3517 ἐγὼ
683 3447 713 3500 δέ
723 3469 751 3500 κε
763 3449 828 3501 λαὸν
837 3447 959 3519 άγείρωῑ).

226 3565 401 3637 Hostibus
439 3575 560 3638 autem
594 3591 666 3637 non
699 3568 793 3638 ultra
827 3571 974 3638 modum
1008 3569 1206 3649 insaeviisso,

158 3690 265 3775 prout
292 3690 368 3751 erat
395 3705 478 3752 usus
504 3682 599 3753 illius
626 3683 805 3775 temporis,
832 3683 1048 3776 locupletem
1076 3692 1206 3754 testem

158 3795 332 3867 habemus
348 3796 484 3888 ipsum:

296 3924 357 3992 πρὶν
367 3924 415 3993 μέν
425 3923 476 3995 γὰρ
488 3925 641 3995 Πάτροκλον
652 3924 773 3981 ε’πισπεῖν
784 3925 889 3995 αἴσιμον
900 3924 977 3998 ἦμαρ,

298 4010 388 4080 τόφρα
399 4008 429 4063 δέ
439 4029 483 4077 μοι
493 4008 653 4079 πεφιδέσθαι
665 4011 702 4065 ε’νὶ
714 4013 798 4082 φρεσὶ
811 4013 937 4083 φίλτερον
948 4010 977 4080 ἦε
1056 4072 1058 4077 ,

298 4096 400 4165 Τρώων,
412 4095 453 4147 καὶ
464 4093 580 4150 πολλοὺς
592 4095 670 4160 ζωοὺς
682 4095 755 4161 ἕλον,
767 4095 812 4166 ἠδὲ
823 4097 974 4167 πέρασσαῡ.

205 4215 280 4286 Sed
295 4215 332 4284 in
348 4217 415 4286 hac
432 4223 539 4307 parte*
549 4217 759 4309 palmarium
776 4229 842 4304 est,
858 4219 953 4310 quod
969 4219 1015 4288 de
1032 4226 1204 4288 nocturno

300 4354 315 4383 ⁸
333 4345 366 4400 11.
377 4345 414 4400 ix.
426 4361 488 4416 323.
618 4345 632 4383 ¹³
650 4347 703 4401 xvi.
719 4364 778 4415 124.
902 4355 916 4385 ⁰
933 4347 987 4401 xxi.
1003 4363 1063 4402 100.
