2738 4866
153 345 251 384 rann.
265 344 308 384 ιν.
376 321 518 384 Plutonis
525 321 647 402 ylodslor'o
661 322 879 402 confirmantur
892 330 1004 384 nostro.
1162 323 1200 383 41

156 497 246 557 tura.
310 487 381 556 Sed
415 489 460 556 ad
490 488 713 556 humaniores
747 486 852 556 hasce
883 486 1002 555 literas
1032 510 1103 554 non
1130 488 1205 555 sine

156 597 263 671 causa
289 602 470 671 transtulit
492 603 626 671 Cicero.
680 601 777 671 Nam
803 602 968 692 primurn,
994 601 1103 691 ipsius
1126 601 1206 670 Pla-

156 719 250 786 tonis
270 718 416 808 judicio,
443 718 532 785 mira
561 718 712 807 quadam
744 716 1011 796 necessitudine,
1039 739 1205 806 nexuque

156 842 294 909 mutuo,
312 831 405 898 inter
422 853 459 899 se
476 831 736 920 respondebant
758 830 841 898 hinc
867 829 945 898 eoeli
969 838 1007 897 et
1032 838 1204 897 terrarum

156 969 356 1038 compages,
369 946 467 1014 illinc
484 946 592 1014 animi
606 947 805 1035 mentisque
818 943 991 1012 humanae.
1017 945 1074 1013 Ac
1087 945 1205 1013 nescio

156 1083 202 1128 an
237 1060 329 1128 forte
363 1059 421 1128 hic
456 1082 561 1128 causa
595 1059 715 1139 lateat,
746 1082 808 1126 cur
838 1059 1025 1126 decantata
1053 1058 1121 1126 ista
1154 1059 1206 1127 vis

156 1198 383 1243 numerorum
406 1185 480 1244 tarn
502 1198 523 1243 a
541 1173 692 1243 Platone
715 1195 820 1263 quam
845 1196 866 1241 a
884 1172 1085 1264 Pythagora
1105 1181 1206 1242 tanto

155 1292 193 1357 in
211 1291 344 1359 honore
362 1291 469 1358 fuerit
485 1289 626 1358 habita:
653 1311 801 1378 quorum
820 1311 891 1356 una
915 1287 1109 1377 eademque
1127 1311 1204 1378 ope,

155 1405 289 1495 pariter
310 1415 347 1474 et
371 1406 504 1495 physici
527 1403 784 1471 elementorum
806 1410 997 1480 momenta,
1020 1411 1058 1469 et
1080 1403 1204 1471 musici

156 1520 354 1587 animorum
385 1519 597 1598 affectiones,
627 1516 745 1585 metiri
776 1525 813 1585 et
847 1517 1020 1584 moderari
1051 1525 1205 1606 possent.

158 1629 232 1699 Sed
251 1633 294 1700 de
315 1631 369 1699 bis
390 1632 455 1722 ipsi
479 1631 650 1699 viderint:
677 1654 771 1700 nunc
797 1653 935 1712 moneo,
961 1632 1074 1721 siquid
1101 1631 1207 1700 alter-

157 1755 239 1814 uter
271 1747 315 1814 de
336 1748 441 1815 rebus
462 1745 614 1837 physicis
645 1746 824 1814 oraculum
852 1746 1013 1828 ediderit,
1040 1748 1134 1815 idem
1160 1770 1206 1816 ex

158 1861 317 1952 ejusdem
352 1862 528 1930 sententia
557 1861 593 1928 in
630 1861 704 1930 vita
737 1883 877 1951 quoque
913 1869 950 1929 et
980 1862 1016 1928 in
1051 1863 1207 1931 moribus

158 1976 379 2067 probabilem
397 1986 494 2045 certe
512 1977 685 2046 rationem
703 1976 844 2045 habere.

210 2091 350 2161 Deinde
368 2092 591 2160 notissimum
603 2091 761 2160 Platonis
779 2091 907 2172 locum,
922 2093 966 2160 de
982 2091 1102 2161 Poetis
1120 2115 1140 2160 e
1154 2115 1207 2160 re-

158 2206 301 2298 publica
317 2207 508 2298 abigendis,
524 2207 631 2296 siquis
648 2207 792 2296 propius
807 2206 925 2296 paullo
939 2207 1141 2296 inspexerit,
1154 2207 1208 2275 in-

159 2323 279 2391 veniet
293 2345 375 2391 sane
388 2321 522 2401 μίμησιν
537 2320 645 2401 illam,
659 2342 764 2410 quam
780 2329 947 2410 tanquam
965 2344 1138 2390 summam
1157 2323 1207 2390 rei

158 2437 306 2527 poeticae
319 2438 419 2527 ponit
435 2437 536 2505 nobis
554 2436 705 2504 eximius
722 2442 854 2516 auctor,
872 2459 943 2503 non
961 2436 1115 2504 carmine
1133 2436 1207 2505 solo

159 2560 197 2619 et
215 2550 372 2620 versibus
389 2552 571 2633 contineri,
585 2551 645 2618 sed
658 2550 828 2619 latissime
845 2573 908 2640 per
921 2573 1043 2619 omnes
1061 2550 1207 2620 diffimdi

159 2673 263 2745 artes,
274 2666 401 2755 quibus
411 2664 523 2733 imbui
535 2664 649 2732 solent
659 2686 848 2754 puerorum
860 2665 980 2732 animi.
1006 2650 1075 2733 Eas
1087 2665 1208 2735 ordine

160 2803 242 2848 curn
261 2780 376 2871 tangit
394 2779 508 2860 Plato,
526 2801 669 2868 unoque
694 2778 837 2847 nomine
862 2778 1016 2858 μουσικὴν
1042 2778 1208 2869 appellat,

160 2895 196 2963 id
214 2896 341 2985 ipsum,
357 2894 392 2962 ni
412 2895 524 2975 fallor,
539 2895 692 2962 indicare
711 2893 860 2974 videtur,
875 2894 968 2983 quod
986 2894 1086 2962 nobis
1104 2893 1209 2985 longe

160 3011 304 3101 lateque
322 3010 559 3079 scrutantibus
577 3010 648 3078 veri
667 3010 780 3077 visum
799 3017 853 3079 est
871 3009 1112 3079 simillimum:
1140 3011 1210 3078 sin-

160 3125 252 3219 gulis
274 3125 417 3206 artibus,
435 3148 512 3215 quae
535 3126 696 3216 ingenuae
721 3132 898 3203 vocantur,
917 3147 1015 3192 suam
1033 3125 1208 3214 quandam

160 3241 275 3308 inesse
298 3238 490 3320 Poeticam,
509 3238 675 3306 videlieet
701 3260 746 3305 ex
772 3259 815 3305 ea
840 3246 950 3327 parte,
972 3261 1042 3328 qua
1062 3261 1209 3328 quaeque

160 3355 272 3445 possit
297 3354 414 3422 animo
440 3354 584 3435 mederi,
603 3352 704 3432 curis,
730 3373 858 3431 amore,
884 3352 1008 3421 studiis
1035 3354 1209 3436 tumenti3

160 3466 301 3555 proprie
334 3473 455 3532 autem
492 3463 673 3532 Poeticam
708 3462 886 3553 appellari,
922 3486 999 3552 quae
1034 3464 1080 3531 ad
1114 3464 1210 3532 istud

161 3602 290 3647 munus
324 3578 504 3669 aptissima
534 3578 579 3645 sit
614 3588 708 3658 nata,
738 3599 885 3666 quaeque
918 3576 1007 3644 illud
1041 3577 1142 3659 adeo,
1168 3586 1210 3645 ut

164 3690 350 3781 proprium,
375 3691 439 3759 sibi
468 3691 643 3771 vindicet;
670 3691 822 3778 denique
848 3712 918 3779 prae
944 3690 1078 3758 caeteris
1104 3691 1211 3779 aptis-

162 3804 286 3871 simam
305 3803 462 3884 inveniri,
481 3826 559 3893 quae
576 3803 691 3871 verbis
708 3810 831 3870 utatur
847 3824 994 3870 numero
1012 3800 1198 3870 adstrictis.

212 4032 397 4100 Habemus
415 4034 534 4124 itaque
549 4033 702 4101 Poeseos
715 4029 854 4110 Artem,
870 4031 1015 4098 rudibus
1028 4040 1210 4121 utcunque

163 4146 264 4213 lineis
281 4145 511 4236 descriptam:
538 4169 643 4237 quam
661 4146 804 4237 propius
815 4146 891 4235 jam
910 4146 1111 4214 intueamur
1127 4145 1211 4214 lice·
1268 4201 1270 4208 .

164 4261 225 4340 bit,
257 4269 364 4350 atque
394 4261 430 4327 in
460 4285 591 4353 genera
620 4271 656 4329 et
692 4262 831 4329 ordines
859 4260 1041 4350 quosdam,
1072 4269 1210 4328 servato
