2738 4866
158 339 222 404 172
334 335 463 399 Ιιιάὶοἱο
477 336 612 399 ueterani
626 335 735 398 milito
748 335 836 420 οριιά
850 336 1033 418 equdem.
1061 357 1156 399 rann.
1167 359 1209 398 xr.

208 506 419 596 Quanquam
440 507 531 575 seire
549 528 633 575 sane
658 505 774 587 velim,
793 528 954 596 quaenam
976 507 1013 573 in
1037 505 1208 598 Odysseia

157 623 401 692 desiderentur
434 621 591 690 veterani
625 622 724 712 quasi
758 619 882 690 militis
916 621 1058 690 indicia.
1112 621 1206 691 Mihi

157 738 300 828 quidem
325 758 397 804 non
422 735 543 825 inepte
566 735 603 803 in
626 735 702 825 ejus
723 736 885 804 carminis
905 737 1063 805 indolem
1082 738 1205 807 cadere

158 854 330 934 videntur,
349 851 476 943 quibus
493 873 624 940 equum
643 872 745 918 suum
764 848 921 918 laudavit
940 849 1135 943 Virgilius:

300 1036 394 1050 ......
403 1003 462 1070 tum
475 993 498 1048 si
510 1011 563 1064 qua
575 1010 671 1048 sonum
684 993 779 1062 procul
791 1009 864 1045 arma
877 991 981 1056 dedere,

299 1079 374 1134 Stare
385 1081 444 1133 loco
457 1079 541 1132 nescit
551 1101 559 1142 ;
578 1079 659 1132 micat
671 1078 781 1132 auribus
793 1087 820 1131 et
831 1078 921 1131 tremit
932 1087 1016 1141 artus,

299 1167 501 1236 Collectumque
514 1183 637 1235 premens
650 1164 733 1219 volvit
746 1164 797 1218 sub
807 1162 917 1217 naribus
929 1163 1030 1232 ignem.

209 1299 321 1370 Verbi
355 1297 479 1390 gratia,
516 1297 662 1389 Ulysses
697 1297 960 1388 Eurymachum
1003 1297 1203 1389 alloquitur,

158 1415 275 1484 medio
293 1415 464 1483 iratorum
482 1434 668 1503 procorum
687 1408 815 1481 ooetub.

224 1572 230 1583 '
299 1558 321 1610 εἰ
332 1556 355 1610 δ’
368 1556 400 1611 αὗ
411 1557 453 1610 καὶ
464 1559 580 1626 πόλεμόν
591 1556 671 1611 ποθεν
682 1555 805 1626 ὁρμήσειε
818 1558 933 1627 Κρονίων

299 1642 421 1713 σάμερον,
433 1643 515 1710 αὗτάρ
527 1642 583 1711 ἐμοὶ
596 1644 676 1699 σακός
688 1640 726 1711 εἵη
739 1644 780 1695 καὶ
793 1641 839 1696 δύο
851 1644 937 1714 δοῦρε,

298 1729 340 1782 καὶ
352 1728 425 1797 κυνέη
437 1729 590 1798 πάγχαλκος
601 1728 643 1781 brt
655 1729 797 1799 κροτάφοις
808 1728 927 1800 ἀραρυῖα,

298 1819 334 1886 τῷ
347 1813 375 1868 κε’
387 1812 413 1883 μ’
425 1812 491 1869 ἴδοις
501 1816 645 1883 πρώτοισιν
657 1813 693 1868 ε’νὶ
705 1816 866 1885 προμάχοισι
878 1815 995 1885 μιγέντα.

159 1941 358 2020 Videtisne,
396 1938 546 2007 oblitum
583 1940 669 2030 quid
705 1940 830 2009 deceat
861 1949 981 2032 partes
1015 1953 1204 2035 susceptas,

159 2057 318 2145 (etenim,
335 2064 377 2123 ut
398 2055 519 2137 nostis,
538 2055 741 2123 mendicum
759 2056 902 2148 agebat)
922 2057 958 2125 in
977 2057 1089 2129 Iliaca
1106 2059 1206 2151 plane

159 2169 412 2264 prorumpere?

209 2286 316 2370 Quid,
343 2287 437 2377 quod
462 2287 499 2355 in
526 2286 682 2378 Scyllam
700 2310 840 2378 quoque
866 2288 1027 2380 gladium
1049 2298 1088 2359 et
1113 2313 1207 2359 arma

160 2410 343 2493 parantem
362 2401 547 2471 indueit⁰l

300 2547 342 2599 καὶ
353 2548 412 2599 τότε
424 2545 455 2614 δὴ
468 2546 563 2615 Κίρκης
574 2546 621 2614 μὲν
633 2545 799 2616 ἐφημοσάιης
811 2546 943 2618 ἀλεγεινῆς

299 2632 469 2700 λανθανόμην,
481 2633 536 2684 ἔπει
549 2635 604 2684 οὔτι
615 2630 641 2701 μ’
654 2632 746 2711 άνάιγει
758 2632 952 2702 θωρήσσεσθαι·

300 2719 381 2788 αὐτὰρ
393 2720 445 2789 ἔγω
457 2719 566 2773 καταδὺς
578 2720 659 2773 κλυτὰ
670 2717 775 2789 τεύχεα,
785 2721 826 2772 καὶ
839 2719 885 2773 δύο
897 2720 972 2790 δοῦρε

300 2803 374 2874 μάκρ’
388 2805 416 2858 ἒν
427 2805 521 2875 χερσὶν
532 2804 610 2868 ἕλον,
623 2805 660 2862 εἷς
670 2803 740 2874 ἰ’κρια
751 2807 810 2872 νῆος
821 2807 933 2870 ἔβαινον.

162 2923 258 2994 Hine
281 2925 342 2995 illa
365 2927 494 3017 saepius
519 2927 673 3017 repetita
690 2926 734 2994 de
760 2948 852 3016 equo
871 2925 969 3016 Εροὶ,
990 2926 1107 3016 deque
1128 2926 1207 2996 insi-

161 3040 227 3108 diis
244 3041 377 3109 adaetis
401 3041 446 3109 ad
469 3042 545 3131 ipsa
562 3040 673 3130 Trojae
697 3042 849 3109 moenia:
875 3063 1052 3131 quaecum
1073 3041 1206 3135 Ulyssis

159 3154 342 3244 ingenium
360 3154 450 3224 dolis
467 3156 620 3224 amicum
638 3155 785 3225 mirifice
803 3156 1018 3246 exprimunt,
1035 3165 1115 3226 turn
1134 3158 1207 3227 Ho

159 3291 298 3337 merum
317 3292 456 3361 quoque
478 3270 721 3338 demonstrant
746 3271 873 3362 cupide
896 3280 1097 3363 morantem
1118 3275 1206 3342 eirea

160 3367 262 3452 notas
279 3383 439 3474 regiones
453 3391 490 3450 et
508 3406 595 3452 oras.
631 3383 767 3453 Verum
786 3386 975 3464 enimvero,
990 3388 1086 3476 quod
1103 3390 1206 3457 modo

162 3496 369 3577 fatebamur,
387 3498 525 3587 parcius
542 3497 620 3568 haee
638 3507 675 3565 et
692 3499 802 3567 rarius
820 3500 1044 3583 adhibentur,
1063 3511 1101 3570 et
1128 3526 1204 3572 oum

161 3615 360 3682 retentione
374 3613 536 3704 quadam,
555 3613 659 3705 plane
676 3615 768 3683 siout
786 3625 993 3685 veteranum
1012 3617 1143 3688 decuit.

195 3840 318 3933 Atque
335 3842 423 3912 illud
441 3844 549 3912 etiam
567 3845 603 3913 in
621 3846 741 3936 primis
759 3846 1123 3932 animadvertendum,
1141 3875 1205 3941 quo

161 3957 248 4025 nihil
283 3966 345 4026 aut
379 3981 441 4048 per
476 3981 513 4027 se
541 3958 688 4041 dulcius,
717 3968 780 4030 aut
814 3963 1083 4033 mitescentibus
1110 3967 1204 4035 annis

161 4073 297 4160 aptius:
334 4075 520 4162 temperari
555 4076 816 4165 quodammodo
850 4100 913 4168 per
947 4085 1061 4146 totam
1096 4078 1205 4171 Odys-

162 4185 269 4253 seiam
301 4186 337 4252 in
364 4210 471 4255 unam
498 4190 651 4279 speeiem
676 4192 762 4260 duas
788 4216 852 4271 ree,
877 4193 1032 4262 maxime
1056 4195 1204 4287 dispares

304 4326 318 4362 b
338 4327 390 4382 Od.
404 4331 475 4383 xxiii.
489 4333 550 4400 376.
925 4345 935 4367 ⁰
952 4336 998 4390 xii.
1010 4337 1070 4390 226.
