2738 4866
165 319 230 386 190
427 319 583 402 Speciosam
598 320 699 382 civilis
713 319 778 396 otti,
795 319 950 382 Phaeacas.
1053 343 1212 383 rannxu.

164 491 378 562 carminibus
405 502 442 560 et
469 495 592 586 magiae
618 515 760 584 operam
788 491 942 570 dantem,
969 513 1031 559 seu
1061 492 1212 581 denique

163 606 382 675 dulcissimas
407 607 485 675 illas
512 607 681 698 Calypsus
707 607 825 674 medio
853 607 887 672 in
920 607 1009 674 mari
1038 605 1211 674 latebras:

163 723 282 790 omnia
301 722 434 792 videbis
458 723 650 814 comparari
673 723 716 790 ad
742 722 854 790 otium
881 722 1210 800 commendandum,

163 837 391 926 animumque
409 837 636 912 mulcendum
661 838 832 905 memoria
849 837 1054 905 domesticae
1073 838 1210 928 quictis.

215 952 344 1042 Neque
363 976 445 1021 vero
469 953 578 1021 alium
596 960 737 1021 servant
760 961 917 1020 tenorem
938 975 1015 1041 quae
1036 952 1074 1020 in
1093 952 1210 1021 Phaea-

162 1066 253 1133 ciam
290 1066 408 1135 delato
438 1068 528 1135 finnt
559 1068 683 1136 obvia:
717 1068 777 1158 qui
807 1065 905 1135 locus
936 1066 1206 1136 Homericorum

163 1180 322 1250 omnium
347 1183 503 1251 maxime
529 1191 653 1274 regnat
679 1183 716 1250 in
746 1184 819 1251 otio
849 1182 943 1250 civili
971 1182 1208 1262 describendo,

162 1304 270 1386 atque
294 1298 328 1364 in
356 1298 398 1366 iis
416 1321 493 1388 quae
510 1299 689 1388 pertinent
713 1299 756 1366 ad
783 1298 910 1366 stabile
934 1297 1094 1387 aequasi
1113 1322 1208 1367 oma-

162 1419 240 1479 tum
260 1412 400 1480 vivendi
418 1434 539 1504 genus.

215 1526 402 1618 Principio,
425 1549 467 1595 ea
485 1550 565 1617 quae
583 1526 799 1618 lepidissime
819 1536 1015 1608 narrantur,
1039 1551 1111 1596 non
1137 1529 1206 1597 sine

162 1641 302 1737 ἀφελείᾳ
324 1644 486 1733 quadarn,
505 1643 549 1711 de
568 1642 675 1712 choro
692 1643 754 1711 illo
772 1644 980 1734 puellarum,
999 1645 1060 1734 qui
1078 1645 1206 1735 primus

162 1761 315 1828 occurrit
332 1761 446 1850 ejecto
465 1761 500 1827 in
518 1759 620 1826 littus
633 1759 808 1850 ignotum,
823 1760 996 1849 ejusmodi
1015 1769 1101 1828 sunt
1115 1784 1205 1851 pror·

163 1898 231 1954 sua,
252 1900 332 1966 quae
345 1875 505 1967 naufragi
519 1874 667 1965 hospitis
681 1875 838 1943 animum
858 1875 894 1942 in
909 1893 1054 1943 suarum
1064 1875 1206 1944 famula·

162 2015 238 2059 rum
262 2013 372 2080 pensa
391 1991 554 2059 referant.
608 1989 787 2059 Credibile
805 1998 859 2058 est
877 1991 1033 2058 maxime
1054 2014 1205 2060 commo-

162 2109 236 2176 veri
263 2129 393 2198 aegrum
416 2129 457 2174 ac
484 2107 633 2175 fessum
638 2128 689 2173 ac
700 2105 822 2174 -tomul
849 2105 956 2174 sale
940 2116 1040 2196 Jacta
1042 2118 1131 2190 tum,
1155 2107 1204 2176 vel

162 2225 238 2337 ipsa
262 2221 324 2290 illa
341 2223 409 2289 fest
395 2222 534 2290 tivitate
556 2244 596 2290 ac
615 2221 705 2302 lusu,
725 2220 837 2341 qualis
859 2243 935 2290 esse
959 2222 1050 2291 solet
1077 2247 1202 2305 earum,

161 2344 294 2428 quaeto
296 2346 372 2405 tum
391 2337 551 2404 aestivum
569 2337 662 2403 diem
682 2358 812 2404 securae
818 2304 894 2404 sub
912 2337 970 2406 dio
988 2348 1127 2431 agents.

302 2481 382 2549 αὐτὰρ
391 2480 447 2533 ἐπει
437 2480 558 2535 πλῦνάν
570 2503 598 2533 τε
611 2480 723 2548 κάθηράν
734 2502 762 2532 τε
773 2479 842 2550 ῥύπα
854 2482 945 2545 πάντα,

301 2565 383 2633 ἑξείης
395 2565 512 2618 πέτασαν
523 2564 592 2636 παρά
605 2564 651 2618 θιν’
664 2565 736 2627 ἁλὸς,
749 2560 794 2634 ιἧχι
806 2566 921 2633 μάλιστα

301 2652 409 2721 λάῒγγας
421 2653 482 2704 ποτὶ
494 2651 593 2720 χέρσον
605 2649 787 2706 ἀποπλύνεσκε
800 2651 931 2706 θάλασσα.

247 2777 250 2780 «
300 2739 326 2790 αἱ
339 2737 366 2790 δὲ
379 2740 554 2807 λοεσσάμεναι
567 2738 608 2790 καὶ
619 2739 775 2807 χρισάμεναι
786 2736 841 2790 λίπ’
855 2738 942 2810 ἐλαίῳ,

300 2824 403 2877 δεῖπνον
416 2823 494 2877 ἔπειθ’
508 2822 610 2877 εἵλοντο
622 2823 681 2892 παρ’
695 2823 805 2894 ὄχθῃσιν
817 2827 950 2893 ποταμοῖο·

300 2908 391 3015 εἵματα
404 2910 425 2963 δ’
439 2909 535 2977 ἠελίοιο
542 2898 624 2979 ’μένον
636 2908 789 2979 τερσήμεναι
801 2911 877 2980 αὐχῆ.

299 2996 380 3103 αὐτὰρ
394 2996 448 3048 ἐπεὶ
462 2997 536 3048 σίτου
549 2995 664 3067 τάρφθεν
677 2996 759 3063 δμωαί
771 2997 862 3047 τεκαὶ
866 2993 960 3063 αὐτη,-

299 3171 361 3236 τῇσι
374 3169 401 3222 δε
415 3167 549 3222 Ναυσικάα
561 3122 750 3222 levabimus*
732 3190 826 3238 ηρχεπο
839 3171 949 3237 μολπῆς

210 3288 372 3359 Fortasse
398 3300 435 3357 et
461 3288 549 3356 illud
576 3312 644 3357 non
673 3290 805 3379 absque
829 3289 987 3392 consilio⁴
1003 3287 1200 3380 erat,quod

161 3403 338 3473 Nausicaa
372 3427 442 3472 ιιοιι
478 3405 573 3479 luxu,
600 3403 719 3495 regali,
754 3403 866 3493 qualis
900 3402 961 3472 illa
995 3405 1087 3494 apud
1125 3405 1201 3474 Vir-

157 3517 294 3610 gilium.

301 3644 439 3699 Sidoniam
452 3647 523 3715 picto
536 3645 700 3717 chlamydem
715 3645 877 3700 circumdata
888 3646 980 3708 limbo,

158 3722 217 3830 sed
231 3762 432 3829 domesticis
445 3763 561 3829 intent
562 3784 583 3830 a
596 3762 747 3854 negotiis
760 3735 926 3852 prodiret.
950 3760 1046 3829 Nam
1062 3739 1177 3852 quod
1169 3786 1200 3830 ιιι

157 3877 328 3966 ejusmodi
343 3901 380 3947 re
391 3877 658 3968 plerumque,ut
672 3887 751 3946 nost
754 3879 792 3956 is,
737 3877 898 3946 tsolet
910 3878 989 3957 dici,
1005 3879 1200 3950 habendam

157 4010 233 4056 esse
259 3989 432 4058 rationem
459 3992 695 4082 simplicitatis
720 3992 885 4083 pristinae,
908 3994 1086 4084 nudaeque
1112 3993 1201 4062 illius

158 4103 233 4170 sine
250 4105 333 4172 iiico
350 4108 591 4199 antiquitatis3
619 4131 700 4176 vere
718 4107 806 4176 illud
825 4107 967 4196 quidem
987 4109 1126 4191 dicitur,
1145 4107 1201 4176 sed

543 4307 554 4331 ⁸
573 4301 626 4354 Od.
639 4303 674 4355 vi.
688 4301 822 4371 96-101.
