2738 4866
224 336 289 402 156
456 336 646 458 χΗοιαανιννι,
662 335 739 399 ciart
752 354 847 398 rmum
860 351 1026 419 αααιονιαα,
1130 347 1223 390 nasu
1239 347 1268 387 x.

251 526 261 537 κ
365 497 418 553 Cui
428 498 541 552 tolerare
553 495 612 551 colo
623 494 707 550 vitam
718 494 845 566 tenuique
857 491 982 548 Minerva

365 584 536 654 Impositum,
549 582 663 636 cinerem
675 589 701 634 et
715 581 815 650 sopitos
828 579 939 634 suscitat
950 579 1037 650 ignes,

365 670 480 724 Noctem
492 667 594 722 addens
606 667 689 738 operi,
703 674 806 725 castum
818 675 849 720 ut
861 682 965 720 servare
976 663 1064 719 cubile

364 755 504 826 conjugis,
517 763 543 809 et
554 753 638 824 possit
650 770 747 824 parvos
760 752 871 806 educere
881 760 975 806 natos:

365 841 448 897 Haud
460 859 537 896 secus
551 840 716 911 Ignipotens,
729 857 778 893 nec
790 847 910 908 tempore
919 838 1026 908 segnior
1037 836 1084 893 illo

363 927 494 981 Mollibus
506 945 520 981 c
532 927 621 980 stratis
634 943 714 997 opera
725 925 760 979 ad
771 924 876 979 fabrilia
888 923 982 993 surgit.
999 917 1008 938 “

274 1042 368 1114 Sunt
384 1042 446 1112 illa
462 1041 554 1134 (quis
575 1049 684 1133 neget
695 1042 728 1134 Ρ)
747 1039 945 1110 Homericis
968 1037 1074 1131 longe
1087 1022 1265 1115 'dulciora3

224 1158 331 1228 modo
349 1180 428 1227 eam
445 1156 600 1247 excipias
613 1157 836 1236 suavitatem,
850 1176 956 1246 quam
968 1152 1078 1222 habet
1096 1151 1269 1243 insperata

224 1296 342 1343 rerum
359 1273 532 1342 atrocium
548 1271 697 1362 requies.
739 1269 793 1340 Ut
810 1271 1027 1350 omittamus,
1044 1267 1159 1358 ipsam
1175 1264 1268 1334 illam

225 1389 269 1458 de
295 1387 452 1480 operaria
473 1386 622 1457 muliere
639 1387 738 1478 quasi
756 1384 922 1455 fabellam
948 1384 993 1455 ab
1011 1383 1125 1453 Iliade
1146 1389 1267 1450 mutuo

222 1486 301 1574 esse
314 1511 503 1595 sumptam.
540 1501 723 1573 Videlicet
739 1501 890 1592 liojani,
904 1498 1026 1570 Marte
1044 1506 1195 1590 aequato,
1213 1496 1268 1565 diu

224 1626 384 1713 pugnant
400 1619 437 1687 in
455 1617 531 1709 ipso
548 1640 677 1711 aggere
695 1624 733 1686 et
750 1616 842 1687 fossa
859 1613 1122 1685 Achivorum³t

366 1746 426 1801 ἄλλ’
440 1746 491 1802 oto'
504 1748 538 1804 ὣς
549 1745 669 1801 ἐδύναντο
681 1747 769 1817 φόβον
780 1747 887 1814 ποιῆσαι
898 1744 1019 1816 Ἀχαιῶν·

364 1833 424 1887 ἀλλ’
436 1835 506 1904 ἔχον,
520 1835 588 1888 ὥστε
600 1833 788 1903 τάλανταγυνὴ
800 1835 919 1904 χερνῆτις
929 1830 1035 1900 ἀληθὴς,

365 1919 383 1988 ἦ
393 1941 421 1974 τε
434 1920 551 1989 σταθμὸν
562 1921 662 1990 ἔχουσα
674 1920 715 1973 καὶ
727 1917 814 1990 εἴριον,
826 1918 909 1989 ἀμφὶς
919 1917 1022 1973 ἀνέλκει

366 2005 494 2073 lorisovo',
506 2005 548 2060 ἰ’να
558 2004 649 2061 παισὶν
660 2005 746 2060 ἀεικέα
756 2006 854 2076 μισθὸν
865 2005 965 2077 ἄρηται·

344 2162 345 2166 ¹
366 2093 400 2149 ds
410 2092 458 2161 μέν
469 2097 520 2147 τῶν
532 2092 574 2147 ἐπὶ
586 2090 632 2147 ἶσα
643 2092 713 2163 pugil
726 2092 817 2147 τέτατο
828 2095 958 2162 πτόλεμός
969 2114 1006 2147 τε.

226 2207 390 2278 Fortasse
415 2230 487 2277 non
504 2216 578 2278 tam
602 2209 840 2279 similitudinis
857 2231 964 2300 quam
988 2207 1044 2295 (ut
1064 2208 1118 2278 ita
1141 2208 1266 2299 dicam)

223 2323 342 2394 solatii
367 2345 473 2393 causa
498 2332 684 2394 narrantur
706 2348 749 2394 ea
765 2325 829 2395 tali
846 2332 1030 2415 temperet
1054 2325 1155 2415 cujus
1173 2324 1268 2394 εὐκαι-

224 2437 296 2532 ρίας
325 2438 443 2508 nescio
470 2439 634 2529 equidem
660 2462 706 2509 an
735 2447 836 2509 tanta
864 2439 918 2508 vis
947 2439 1002 2521 sit,
1034 2447 1075 2508 ut
1102 2462 1167 2531 per
1193 2460 1268 2508 eam

221 2553 338 2623 ‘solam
365 2554 549 2645 capiantur
573 2555 682 2624 animi
706 2557 827 2648 magis,
848 2555 1030 2624 incondito
1047 2555 1210 2645 quamvis
1234 2561 1268 2622 et

229 2670 344 2761 (paene
363 2668 493 2759 dicam)
516 2692 640 2762 aspero
657 2693 828 2752 sermone,
847 2693 954 2761 quam
970 2670 1179 2741 mollissima
1189 2670 1269 2742 Vir-

225 2786 302 2879 gilii
319 2786 469 2877 pictura.

278 3011 397 3095 Nunc,
427 3013 559 3102 injecta
592 3015 773 3083 mentione
802 3014 954 3108 Virgilii,
984 3022 1133 3108 tangere
1166 3015 1270 3086 liceat

225 3129 402 3218 quandam
419 3151 491 3197 non
508 3127 636 3214 levem,
655 3153 761 3220 quam
778 3130 865 3199 mihi
883 3127 982 3200 'certe
1000 3129 1269 3222 deprehendisse

225 3244 355 3325 videor,
374 3242 449 3333 ejus
466 3251 504 3313 et
522 3242 672 3314 Homeri
690 3245 1021 3319 dissimilitudinem.
1055 3245 1148 3316 Dico
1166 3248 1269 3329 enim,

224 3380 306 3429 oum
325 3357 369 3425 de
388 3358 537 3428 fortunis
554 3357 738 3428 hominum
751 3360 793 3428 lit
810 3360 965 3450 quaestio,
981 3359 1095 3450 deque
1108 3362 1270 3431 universo

225 3473 306 3541 vitae
337 3479 442 3554 statu,
471 3469 670 3570 Homerum
699 3496 768 3564 quo
801 3497 899 3544 more
933 3473 1048 3544 solent
1081 3474 1206 3566 inopes
1235 3476 1270 3544 in

155 3569 160 3579 ⁶
226 3586 357 3655 divitiis
383 3586 662 3678 contemplandis
684 3588 821 3670 versari,
839 3590 938 3680 quasi
958 3589 1113 3682 quodam
1135 3588 1271 3683 fulgore

224 3701 463 3793 praestrictum

276 3814 461 3885 Interdum
479 3815 614 3886 multus
632 3825 686 3887 est
712 3826 749 3888 et
774 3818 923 3911 diligens
948 3818 985 3887 in
1008 3818 1132 3910 pretiis
1155 3842 1270 3890 rerum

220 3927 415 4018 renalium,
433 3954 597 4001 enarrans
615 3933 737 4024 quanti
754 3933 840 4025 quid
857 3933 1075 4004 constiterit:

367 4104 391 4121 ..
403 4105 409 4122 .
419 4107 426 4123 .
438 4105 444 4122 .
455 4106 461 4123 .
473 4106 479 4122 .
490 4107 496 4122 .
508 4107 531 4123 ..
544 4108 550 4123 .
561 4108 567 4124 .
579 4067 757 4139 .,ε“κατόμβοι’
771 4069 943 4136 ἐννεαβοίωνι

224 4181 332 4274 idque
359 4203 431 4250 non
460 4181 574 4252 solum
606 4184 745 4275 quando
780 4207 823 4255 ea
852 4194 1022 4277 tanquam
1054 4186 1269 4260 athletarum

645 4330 656 4362 l
675 4329 707 4383 ll.
721 4330 766 4386 xii.
779 4344 840 4398 452.
