2738 4866
154 329 249 368 ranc.
263 328 308 368 111.
355 305 476 370 Caeletc
483 305 616 389 proprios
622 304 719 389 pictis
733 305 843 368 Pocsc‘a
857 303 1019 389 anteeant.
1159 308 1198 369 81

155 481 309 550 alterum
326 482 477 550 duxerat
494 478 680 549 consilium
698 478 795 547 omni
808 485 884 548 arte
900 479 1023 569 majus.
1076 479 1203 568 Itaque

156 593 262 685 hujus
296 603 487 664 excusatur
514 593 683 685 pingendi
717 590 870 674 solertia,
900 591 996 661 illins
1025 594 1203 686 cogitandi

155 707 365 798 amplitude.
416 707 500 777 Jam
518 707 665 777 Poetica
681 707 841 798 qnaedam
861 706 925 776 lux
948 707 1001 776 illi
1023 732 1203 800 nunquam

156 843 229 890 non
254 823 433 905 tribuitur,
462 822 630 914 perfecte,
656 821 833 913 plenoque
862 843 1006 892 assensu
1034 824 1202 892 omnium.

157 935 256 1007 Huic
285 939 314 1007 si
339 960 412 1006 non
428 939 633 1031 denegatur,
650 948 688 1007 at
711 945 808 1007 certe
829 961 901 1006 non
921 939 1203 1009 constantissime

157 1052 371 1122 decernitur.

209 1167 388 1250 Quorsum
414 1167 517 1237 haecl
569 1167 623 1237 Ut
649 1166 867 1260 intelligatis,
893 1169 1103 1260 penitusque
1126 1191 1204 1260 per·

157 1282 323 1372 spiciatis,
343 1282 562 1372 picturarum
587 1280 685 1350 illam
708 1282 807 1372 quasi
825 1282 954 1352 Poesin
979 1282 1068 1350 nihil
1093 1284 1204 1352 ferme

157 1396 255 1466 aliud
281 1417 396 1487 agera·
417 1418 523 1486 quam
548 1402 591 1465 ut
614 1397 833 1466 commodius
855 1398 893 1466 in
920 1395 1037 1466 lucem
1061 1398 1205 1467 veniant

156 1511 275 1581 intimi
302 1534 434 1594 eornm,
460 1512 520 1603 qui
544 1511 707 1604 pingunt,
734 1511 900 1583 affectus:
925 1513 962 1581 id
987 1515 1081 1603 quod
1106 1534 1205 1603 aper·

156 1626 294 1696 tissime
319 1626 478 1695 indicant
500 1650 647 1718 eaquae
669 1630 776 1698 medo
798 1629 994 1711 attulimus
1021 1627 1203 1720 exempla:

158 1740 286 1831 quibus
309 1741 494 1809 innumera
508 1740 640 1831 possim
658 1740 800 1823 addere,
818 1741 961 1831 vimque
981 1762 1105 1810 eorum
1127 1746 1205 1807 tum

157 1853 196 1921 in
233 1851 321 1922 alios
360 1853 523 1942 pictores,
562 1859 641 1921 tum
678 1853 717 1921 in
755 1853 825 1922 alia
865 1853 1035 1945 pingendi
1075 1874 1207 1946 genera

158 1969 367 2050 transferre3
402 1967 629 2059 maximeque
659 1969 818 2038 omnium
848 1968 885 2037 in
914 1968 1013 2050 illud,
1042 1968 1139 2059 quod
1168 1968 1205 2036 in
1313 2039 1316 2044 ,

159 2081 317 2153 locorum
346 2082 619 2175 pulchritudine,
649 2093 757 2174 atque
787 2085 825 2153 in
853 2086 959 2156 rebus
988 2083 1206 2155 naturalibus

158 2205 326 2268 versatur.

209 2428 282 2498 Sed
310 2429 380 2499 alio
406 2431 704 2522 progrediendum
730 2436 806 2513 est;
832 2452 961 2527 nempe
987 2431 1032 2499 ad
1062 2431 1205 2520 eosqui

159 2526 366 2635 sculptores
382 2544 629 2615 nominantur:
653 2546 698 2613 de
716 2566 866 2635 quorum
884 2545 1049 2636 operibus
1065 2544 1102 2612 id
1111 2545 1205 2635 jam-

158 2659 294 2728 dudum
325 2666 427 2728 vetus
462 2668 517 2728 est
550 2681 591 2728 ac
625 2659 848 2743 tralatitium‚
874 2666 916 2728 ut
946 2682 1093 2751 quaeque
1123 2681 1205 2728 cum

156 2772 264 2848 ,Poesi
276 2774 433 2842 maxime
446 2782 652 2867 congruant,
664 2775 714 2844 ita
727 2774 981 2843 studiosissime
995 2774 1205 2865 plerumque

158 2886 313 2958 laudari:
344 2889 467 2958 caelat-a
495 2888 664 2957 nimirum
694 2890 836 2980 propius
866 2889 1047 2979 aliquanto
1076 2886 1204 2957 Peesin

157 3004 343 3096 attingere,
361 3027 468 3096 quam
487 3004 593 3095 picta.
645 3003 755 3095 Cujus
772 3003 966 3086 sententia,
987 3004 1139 3073 simodo
1162 3026 1205 3072 ea

158 3141 241 3188 vera
258 3126 322 3201 est,
340 3119 431 3188 hane
448 3142 514 3211 ego
532 3119 707 3188 rationem
724 3141 801 3189 esse
818 3121 978 3190 arbitror.
1030 3118 1205 3189 Universa

160 3231 342 3302 Pictorum
360 3255 426 3316 ars,
440 3234 495 3302 uti
508 3230 630 3314 ndstis,
644 3256 716 3302 non
731 3235 800 3305 nisi
818 3236 855 3303 in
872 3233 1012 3324 liquidis
1030 3233 1204 3304 coloribus

158 3355 327 3429 versatur,
348 3347 556 3418 mollissima
580 3370 663 3418 sane
690 3349 849 3417 omnium
876 3349 1033 3431 materie,
1057 3372 1203 3441 quaeque

157 3461 246 3532 adeo
263 3460 430 3534 facillime
450 3464 609 3531 omnium
634 3464 672 3532 in
697 3463 851 3533 infinitas
872 3465 1061 3533 varietates
1087 3465 1202 3534 abeat.

158 3575 292 3647 Contra
317 3577 517 3660 Statuariis,
538 3601 624 3669 qnos
655 3586 793 3661 vocant,
820 3579 1005 3648 durissime
1031 3601 1116 3649 saxo
1142 3603 1204 3670 po-

150 3699 292 3761 nuntur
309 3716 423 3784 opera,
441 3716 557 3784 neque
574 3693 647 3762 ulla
668 3695 880 3784 adjuvantur
897 3693 1054 3783 colorum
1077 3695 1201 3785 gratia.

158 3806 239 3889 Quo
265 3806 317 3887 fit,
340 3814 382 3876 ut
408 3809 453 3877 ad
483 3809 604 3877 vivum
629 3806 744 3877 multo
779 3809 891 3901 magis
926 3808 1068 3899 depingi
1092 3809 1203 3898 possit

157 3921 276 4013 imago
303 3922 449 4013 quaevis,
471 3944 578 4014 quam
602 3931 664 3992 aut
689 3945 864 3992 marmore
885 3930 948 3992 aut
971 3944 1039 3991 aare
1062 3920 1201 4014 effingi:

159 4059 242 4105 cum
281 4038 474 4128 prasertim
511 4039 668 4106 maxima
704 4059 783 4128 pars
818 4037 1003 4106 hominum
1044 4036 1201 4105 colorum

159 4151 353 4221 luminibus
380 4152 453 4222 cito
483 4152 651 4243 capiatur,
679 4152 870 4221 formarum
900 4153 1070 4222 varietate
1099 4153 1202 4243 pauci

159 4274 313 4349 tantum,
338 4267 433 4358 iique
459 4267 710 4360 elegantissimi
735 4274 961 4357 spectatores.
990 4266 1202 4358 ,Imperfec-
