2738 4866
157 301 222 363 232
294 297 469 373 Humana,
483 318 550 360 oum
565 298 669 382 υρυυίς,
685 297 812 360 dicitius
826 295 984 359 admirari
997 321 1007 358 .·
1031 317 1128 358 rann.
1139 317 1203 357 mu.

160 467 326 545 vilissima
343 465 446 559 plebe
464 472 584 557 ageret
601 465 733 556 absque
751 463 1018 555 contemptione
1038 472 1077 532 et
1094 464 1205 554 δουρὶ,

160 582 300 650 aientia.

210 694 292 777 Quo
320 695 427 763 etiarn
459 692 547 763 illud
578 694 754 783 pertinere
780 693 996 761 credendum
1023 700 1089 772 est,
1115 691 1205 782 quod

161 830 245 898 opes
259 816 296 876 et
314 806 439 875 luxum
453 807 718 888 fortunatorum
728 807 990 898 contemplatur
1002 806 1115 874 ferme
1129 828 1206 874 curn

162 921 312 1013 simplici
339 921 489 1012 quadam
516 921 770 1002 admiratione3
809 922 868 1016 qui
895 920 1106 1013 plerumque
1134 941 1206 991 mos

163 1045 218 1106 est
246 1037 407 1128 pauperis
433 1057 495 1104 sua
526 1044 621 1104 sorte
649 1036 819 1104 contenti.
872 1035 1118 1104 Pulcherrima
1150 1033 1207 1100 ha-⁸

162 1152 293 1220 bentur
309 1152 346 1217 in
364 1150 430 1218 hoc
447 1151 564 1241 capite
582 1151 626 1219 de
644 1149 862 1219 Telemacho
879 1152 1035 1241 primum
1056 1150 1207 1217 intrante

164 1265 295 1356 regiam
315 1263 474 1333 Menelai
493 1264 648 1345 domurn,
667 1262 824 1334 Orientis
834 1266 911 1354 jam
933 1264 1055 1354 spoliis
1072 1263 1208 1354 amplis.

165 1379 252 1447 sime
270 1387 462 1447 omataml’.
1137 1363 1140 1366 ’

308 1555 683 1571 ......................
692 1518 718 1569 ol
729 1517 758 1569 δέ
768 1514 867 1572 ῗδοντες

306 1599 434 1670 θαύμαζον
446 1604 510 1656 κατὰ
518 1603 590 1671 δῶμα
603 1602 762 1672 Διοτρεφέας
772 1604 909 1670 βασιλῆος.

307 1686 375 1738 ὥστε
386 1686 437 1755 γὰρ
449 1683 536 1752 ήελίου
548 1685 625 1756 αἴγλη
637 1686 718 1740 πέλεν
729 1690 758 1754 ήε
771 1684 882 1754 σελήνης

307 1769 379 1837 δῶμα
391 1768 446 1823 καθ
459 1770 594 1840 ὑψερεφές
606 1771 741 1824 Μενελάου
753 1771 930 1838 κυδαλίμοιο..
942 1809 948 1823 .
959 1809 966 1823 .
978 1808 1002 1832 .,

308 1855 406 1923 (Ιαῦτὰρ
419 1856 474 1909 ε’πεὶ
485 1859 579 1911 πόσιος
591 1855 632 1909 καὶ
644 1855 749 1923 ἐδητύος
760 1856 790 1925 ἐξ
801 1857 861 1926 ἔρον
872 1855 940 1918 έντα,

310 1941 339 2007 δή
353 1943 412 1994 τότε
424 1940 575 2011 Τηλέμαχος
586 1943 756 2011 προσεφώνεε
769 1944 903 2012 Νεστόρος
914 1943 978 2002 υἱόν,

308 2025 371 2105 ιιἰἠιχι
383 2028 457 2096 σχὼν
469 2025 594 2096 κεφαλήν,
606 2024 647 2080 ἵνα
659 2027 693 2094 μὴ
705 2025 836 2080 πευθοίαθ’
850 2028 874 2089 οἱ
886 2026 974 2090 ἄλλοι·

309 2113 417 2182 φράζεο,
430 2112 586 2181 Νεστορίδη,
598 2115 634 2184 τῷ
648 2112 699 2183 ε’μῲ
712 2112 881 2181 κεχαρισμένε
894 2112 976 2182 θυμῷ,

310 2200 409 2267 χαλκοῦ
421 2219 449 2251 τε
462 2197 592 2267 στεροπήν
605 2198 652 2250 κὰδ
665 2198 768 2266 δώματα
780 2195 898 2266 ἠχήεντα,

307 2270 409 2352 χρυσοῦ
420 2281 442 2336 τ’
455 2281 581 2352 ἠλέκτρου
591 2304 620 2336 τε
633 2283 674 2335 καὶ
686 2281 799 2352 ἀργύρου
811 2281 851 2350 ἠδ’
865 2281 1018 2352 ἐλέφαντος·

310 2370 389 2435 Ζηνός
399 2389 450 2420 που
461 2365 548 2434 τοιήδε
558 2366 583 2437 γ’
596 2365 741 2435 Ὀλυμπίου
752 2367 856 2420 ἔνδοθεν
867 2365 943 2433 αὐλή.

310 2452 382 2507 ὅσσα
394 2451 448 2511 τάδ’
462 2451 562 2505 ἄσπετα
574 2453 672 2507 πολλά·
692 2451 774 2515 σέβας
785 2451 810 2519 μ’
824 2452 878 2521 ἔχει
890 2451 1058 2516 εἰσορόωντα.

171 2575 306 2642 Eadem
324 2573 435 2640 ferme
452 2594 552 2640 mens
570 2580 624 2640 est
643 2571 780 2663 Ulyssis
797 2571 998 2649 accedentis
1015 2571 1062 2642 ad
1076 2569 1216 2640 Alcinoi

170 2689 273 2758 fores

221 2804 329 2887 Quid,
352 2805 444 2893 quod
471 2804 579 2880 etiam
605 2803 699 2871 inter
720 2785 848 2870 Manes
870 2801 957 2869 fecit
978 2798 1218 2891 Agamemno.

172 2943 254 2988 nem
284 2919 418 2987 moveri
449 2918 505 2986 vel
535 2907 706 2986 memoria
736 2916 918 3000 donorum,
946 2915 1075 3016 quibus
1106 2914 1218 2992 ornari

173 3035 308 3106 viderat
326 3030 478 3099 Achillis
496 3032 680 3120 exsequias
687 3039 710 3097 f.

314 3167 360 3235 ἤδη
372 3167 419 3234 μέν
429 3164 536 3218 πολέων.
543 3166 619 3236 τάφῳ
631 3163 729 3233 ἀνδρῶν
740 3163 913 3230 ἇντεβόλησα,

314 3252 412 3320 ήρῶων,
425 3249 468 3304 ὅτε
480 3249 522 3302 κέν
533 3249 590 3303 ποτ’
604 3249 781 3319 ἀποφθιμένου
793 3250 922 3315 βασιλῆας

315 3333 451 3399 ζώννυνταί,
462 3354 491 3385 τε
503 3332 563 3393 νέοι,
576 3332 617 3384 καὶ
630 3330 806 3385 ἐπεντύνονται
818 3331 907 3384 aeone

315 3419 385 3481 ἀλλά
398 3439 425 3470 κε
437 3421 506 3479 κεῖνα
517 3419 633 3485 μάλιστα
645 3417 706 3477 ἰδὼν
718 3415 841 3484 ἐτεθήπεα
853 3416 933 3485 θυμῷ.

177 3541 321 3610 Patricii
339 3541 403 3615 viri
422 3539 581 3630 profecto
601 3561 672 3612 non
694 3547 781 3623 erat,
798 3561 913 3627 neque
936 3538 1091 3626 ejusqui
1113 3538 1218 3606 abun,

178 3659 277 3725 daret
295 3654 428 3744 opibus,
442 3660 483 3725 ut
501 3651 590 3727 tales
607 3675 661 3725 res
678 3660 753 3726 tarn
771 3652 1000 3730 vehementer
1016 3652 1217 3743 suspiceret,

178 3777 240 3838 aut
257 3776 353 3837 certe
371 3766 513 3856 quidem
532 3774 573 3838 ut
590 3789 627 3838 se
645 3768 819 3857 suspicere
837 3765 1016 3834 fateretur.

231 3880 352 3950 Multo
381 3881 493 3970 magis
523 3888 598 3952 erat
622 3880 817 3971 indignum,
844 3877 946 3975 valde
970 3876 1132 3977 laborare
1161 3876 1217 3944 ali·

179 4018 285 4084 quem
320 3995 364 4062 de
399 3996 556 4063 vestibus
589 4002 650 4062 aut
685 3993 829 4085 peculia,
864 3993 986 4061 aliisve
1024 3992 1062 4060 id
1100 4009 1216 4083 genus,

250 4261 261 4303 r
280 4250 333 4305 Od.
347 4252 381 4304 iv.
395 4268 437 4320 43.
651 4260 665 4297 ‘1
683 4251 717 4303 iv.
732 4251 774 4304 68.
995 4257 1006 4286 ¹
1023 4249 1096 4302 xxiv.
1110 4249 1153 4316 87,
