2738 4866
165 319 229 383 362
267 320 494 403 Οοιιιροοιιιιίνν
508 319 637 382 ιίίοονια
651 319 688 383 de
702 319 864 405 Iphigenia
880 320 1029 385 Pictore.
1062 345 1215 386 αππιαν.

166 492 311 563 metheo
322 494 397 584 jam
414 502 499 562 ante
512 493 723 585 deprompsi,
737 515 807 584 quo
820 500 982 584 tempore
996 494 1214 587 AEschylum

165 607 376 701 Pythagorae
393 630 523 699 nempe
541 606 763 699 discipulum,
781 608 952 678 docebam
969 618 1048 678 turn
1068 611 1114 680 ab
1133 611 1216 703 Epi-

164 746 350 794 cureorum
377 723 567 803 dementia,
585 730 663 791 tum
685 745 706 792 a
727 721 826 792 fatali
851 725 1064 794 necessitate
1090 726 1217 795 abhor-

163 840 282 909 ruisse.
342 839 447 923 Quod
483 847 605 909 autem
636 839 802 920 diximus,
833 837 1109 932 Agamemnoni,
1144 865 1213 910 non

162 956 227 1047 ipsi
257 955 460 1047 iphigeniae,
490 954 653 1025 consulto
682 954 813 1046 primas
846 955 883 1023 in
913 955 980 1024 hac
1010 957 1213 1026 narratione

163 1070 287 1140 tribui:
315 1072 524 1149 consentiet,
543 1070 676 1161 opinor,
694 1092 845 1151 mecum,
864 1072 1021 1162 quisquis
1048 1071 1109 1141 ille
1133 1073 1212 1155 erit,

163 1186 223 1277 qni
241 1185 446 1278 diligentius
464 1185 558 1255 inter
575 1206 612 1253 se
631 1183 717 1253 velit
734 1185 892 1254 conferre
906 1185 1125 1278 AEschylum,
1142 1187 1211 1256 Lu-

163 1301 325 1381 cretium,
343 1298 560 1391 Euripidem,
579 1298 838 1368 laudatissimos
855 1310 951 1369 certe
969 1302 1007 1369 in
1024 1302 1093 1372 hoc
1111 1326 1210 1394 argu-

162 1421 284 1482 mento
310 1414 507 1505 scriptores.
562 1413 618 1483 Ex
640 1414 768 1505 quibus
790 1412 978 1506 Iphigenia
999 1415 1211 1486 Lucretiana

161 1529 256 1620 capit
277 1529 434 1598 animum
459 1528 608 1620 simplici
633 1530 771 1621 pictura
788 1539 826 1598 et
843 1528 938 1599 dulci
955 1532 1110 1621 quadam
1129 1532 1211 1627 ἀφε-

161 1645 257 1732 λείᾳτ
1062 1646 1064 1651 ’

302 1757 372 1817 Quae
384 1756 465 1812 simul
475 1757 561 1811 infula
572 1757 706 1828 virgineos
718 1757 882 1813 ciremndata
893 1759 980 1815 crines

303 1845 344 1898 Ex
356 1852 469 1915 utraque
481 1844 562 1898 simul
573 1845 705 1898 malerten
715 1852 790 1914 perte
801 1844 910 1914 profusa
921 1854 971 1908 est,

240 1931 243 1936 ’
303 1930 338 1984 Et
349 1938 477 1984 moestum
489 1930 570 1984 simul
581 1938 642 1984 ante
653 1947 712 1984 aras
724 1930 828 1984 adstare
838 1939 975 2000 parentam

303 2015 401 2080 Sensit,
413 2025 440 2070 ct
451 2016 524 2070 hunc
536 2024 644 2086 propter
655 2017 756 2071 ferrum
768 2018 851 2071 celare
863 2018 1012 2093 ministros,

302 2103 382 2157 Muta
393 2111 467 2156 metu
478 2112 575 2157 terram
586 2102 701 2175 genibus
713 2103 857 2158 summissa
868 2103 983 2173 petebat,

302 2189 359 2243 Nec
371 2189 476 2242 miserae
487 2188 613 2258 prodesse
625 2189 654 2241 in
665 2188 712 2242 tali
723 2196 842 2258 tempore
854 2189 946 2260 quibat
985 2183 986 2186 ¹

303 2273 384 2333 Quod
396 2275 482 2344 patrio
494 2275 617 2344 princepe
629 2272 741 2328 donarat
752 2274 860 2328 nomine
872 2292 971 2344 regem.

163 2397 297 2466 Eadem
324 2404 447 2467 contra
469 2396 564 2488 apud
588 2395 793 2488 Euripidem
820 2398 931 2467 nobili
954 2408 992 2468 et
1016 2399 1113 2469 elato
1141 2421 1209 2468 ser-

161 2534 278 2592 mone,
298 2511 358 2581 sed
380 2510 497 2602 paullo
521 2512 637 2580 forsan
660 2511 908 2593 ambitiosiore,
928 2512 1109 2583 theatrum
1133 2535 1207 2609 per-

162 2622 293 2695 cellitk.

477 2723 523 2775 οὐκ
535 2724 568 2776 ἑῶ
580 2723 684 2788 στάζειν
696 2723 783 2794 δάκρυ’

371 2809 442 2878 ὑμεῖς
453 2807 475 2862 δ’
489 2808 693 2879 ἐπευφημήσατ’,
706 2809 726 2863 ὦ
739 2809 857 2871 νεάνιδες,

372 2897 464 2948 παιᾶνα
476 2898 506 2962 τῇ
519 2893 562 2964 'pp
576 2896 707 2965 ξυμφορᾷ,
721 2896 782 2949 Διὸς
795 2896 873 2964 κόρην

364 2979 496 3051 Ἀρτεμιν·
515 2980 563 3036 ’ίτω
576 2981 603 3035 δέ
617 2977 753 3036 Δαναΐδαις
764 2981 887 3050 εὐφημίᾳ.

370 3070 433 3120 κανᾶ
446 3067 467 3120 δ’
479 3068 628 3138 ἐναρχέσθω
640 3090 687 3132 τις,
701 3067 813 3122 αἰθέσθω
827 3068 854 3120 δέ
866 3071 917 3136 πῦρ

369 3153 510 3223 προχύταις
521 3154 696 3223 καθαρσίοισι,
709 3155 750 3207 καὶ
762 3154 846 3223 πατὴρ
859 3153 918 3222 ἐμὸς

369 3240 539 3312 ε’νδεξιούσθῳ
551 3243 646 3311 βωμόν
666 3242 700 3296 ὣς
713 3241 842 3309 σωτηρίαν

365 3325 480 3396 Ἕλλησι
493 3327 606 3383 δὼσουσ’
620 3329 727 3397 ἔρχομαι
740 3328 886 3397 νικηφόρον·

403 3412 480 3481 ι’ίγετέ
489 3435 521 3481 με
534 3415 580 3467 τὰν
592 3412 671 3467 Ἰλίου

404 3498 445 3550 καὶ
458 3504 565 3568 Φρυγῶν
577 3498 722 3567 ἑλέπτολιν.

159 3611 293 3683 Videte
316 3621 446 3694 autem,
472 3635 517 3682 au
544 3614 637 3704 apud
654 3611 861 3703 AEschylum
888 3617 1062 3693 nostrum,
1079 3635 1126 3681 ex
1153 3638 1203 3682 ra-

157 3731 255 3798 tione
286 3729 443 3797 omniurn
470 3727 680 3809 dulcissima,
712 3750 888 3819 quamque
918 3726 994 3816 ejus
1023 3727 1203 3806 dramatis

158 3847 289 3936 opinor,
308 3867 445 3913 summa
461 3843 673 3935 postulabat,
691 3843 728 3912 in
754 3852 854 3934 patre
880 3842 994 3933 magis
1012 3852 1206 3923 mactante,

157 3984 260 4050 quam
280 3962 314 4029 in
333 3961 408 4052 ipsa
426 3961 578 4041 victima,
598 3968 786 4029 teneantur
804 3959 911 4028 animi
925 3953 942 4024 ¹.

365 4106 438 4160 λιτὰς
451 4105 531 4158 δὲκαὶ
544 4105 668 4172 κληδόνας
680 4101 814 4174 πατρῴους

365 4190 424 4261 παρ’
438 4191 519 4253 οὐδέν,
533 4191 610 4245 αι’ὢνα
621 4188 771 4256 παρθενείαν
783 4187 814 4250 τ’,

261 4342 274 4378 ¹¹
292 4343 348 4410 Ιρίι.
362 4345 389 4395 iu
402 4345 460 4397 Aur.
477 4357 551 4412 1477.
894 4337 902 4374 ¹
921 4338 1012 4405 Apum.
1027 4353 1087 4390 220.
