2738 4866
157 353 251 395 rann
267 352 333 396 κιο.
432 351 545 408 οαοονο,
559 351 596 393 πο
610 332 745 409 κειμηλία
759 339 930 394 nomentan
1142 330 1205 396 9233

160 525 205 571 ue
243 502 337 570 forto
379 523 421 571 ca
462 500 687 571 laederentur.
755 498 860 582 Quod
894 507 1016 568 tamen
1046 496 1206 567 Homero

161 617 260 705 quasi
278 623 410 685 statum
424 625 480 686 est
495 639 537 686 ac
550 616 718 691 solemne,
753 611 835 682 Hoc
848 612 983 682 scilicet
995 614 1069 705 agit
1086 614 1207 704 regina

162 728 362 812 Phaeacum,
375 731 437 799 ubi
452 731 552 800 donis
569 730 792 821 prosequitur
804 727 969 820 Ulyssem
986 728 1205 809 abeuntem

308 945 507 962 ............
514 904 610 976 ’ᾼρήτη
623 905 697 975 ξείνῳ
709 901 868 971 περικαλλέα
878 904 962 973 χηλὸν

303 992 427 1063 ἐξέφερεν
438 991 574 1060 θαλάμοιο,
585 990 650 1043 τίθει
662 988 684 1042 8
698 989 734 1042 ε’νὶ
747 989 860 1056 κάλλιμα
872 988 968 1058 δῶρα..
979 1026 1003 1052 .,

302 1079 344 1131 καί
354 1100 399 1146 ριν
409 1075 547 1148 devina&
560 1077 623 1130 ἔπεα
633 1076 772 1144 πτερόεντα
784 1072 929 1143 προσίμιδα·

301 1165 378 1222 aristis
389 1167 434 1218 νῦν
444 1162 484 1227 ’ίδε
495 1167 580 1231 πῶμα,
593 1161 659 1216 θοῶς
670 1159 692 1213 8
706 1159 748 1213 ε’πῖ
761 1160 858 1228 δεσμόν
869 1158 952 1227 Ιιἠλον,

300 1246 374 1316 μήτις
385 1270 425 1301 τοι
437 1246 492 1301 καθ’
506 1246 566 1300 ὄδον
578 1244 727 1314 δηλήσεται·
732 1283 932 1299 ............

302 1333 382 1386 αὕτικ’
395 1332 505 1402 ε’πίηρτυε
516 1338 601 1400 πῶμα,
614 1331 680 1387 θοῶς
693 1329 714 1384 8
728 1329 770 1384 έπὶ
783 1330 879 1398 δεσμὸν
890 1328 963 1398 ίηλεν

303 1419 429 1483 ποίκιλον,
443 1416 473 1472 όν
483 1416 549 1481 ποτέ
558 1439 603 1485 μιν
614 1416 689 1469 δέδαε
701 1414 784 1485 φρέσι
795 1417 888 1469 πότνια
900 1416 989 1484 Κίρκη.

160 1580 320 1650 Omnino
354 1580 487 1650 navalis
521 1588 597 1649 erat
633 1579 776 1671 peritiae,
811 1587 853 1646 ut
895 1601 996 1647 suum
1032 1580 1208 1668 quendam

160 1697 296 1763 nodum
338 1693 493 1787 Ulysses,
532 1691 783 1782 vinculumque
826 1693 958 1759 nemini
1000 1691 1208 1761 solvendum

158 1817 331 1885 nosceret.
383 1807 516 1876 Similis
534 1814 610 1875 erat
628 1808 719 1898 regis
736 1805 880 1877 Alcinoi
898 1805 1017 1879 curat:

304 2001 345 2054 καί
357 2003 389 2054 τὰ
400 2001 447 2069 μέν
458 1998 487 2054 εὖ
499 1998 617 2069 κατέθηχ’
632 1998 700 2067 ίέρον
711 1998 788 2066 μένος
798 1998 951 2061 Ἀλκινόοιο,

305 2087 382 2141 αὐτὸς
394 2087 447 2148 ἰῶν,
460 2086 502 2138 διδ
514 2087 580 2153 νηός,
592 2085 643 2138 ὑπὸ
656 2085 728 2154 ζυγὰ,
742 2082 775 2152 μή
788 2083 834 2136 τιν’
847 2084 954 2153 ε’ταίρων

303 2172 417 2234 βλάπτοι
429 2171 596 2231 ἐλαυνόντων,
609 2171 687 2223 όποτὲ
700 2167 852 2239 σπερχοίατ’
865 2169 988 2237 ἐρετμοῖς,

167 2333 303 2410 Similis
321 2333 377 2403 vel
394 2336 501 2426 ipsius
520 2305 732 2404 Minlrvaeu:

310 2549 544 2571 ..............
553 2510 600 2563 θεὰ
611 2510 670 2563 δῦνε
683 2508 764 2564 σπέος
775 2506 902 2577 ἠεροειδές

305 2594 427 2663 μαιομένη
440 2595 586 2664 κευθμῶνας
596 2593 644 2648 ἀνὰ
656 2593 745 2651 σπέος·
764 2594 845 2664 αὐτὰρ
856 2592 1001 2651 Ὀδυσσεὺς

309 2677 396 2734 ἆσσον
406 2679 479 2734 πάντ’
493 2680 583 2754 ἐφόρει
594 2681 697 2750 χρυσὸν
708 2681 750 2742 καὶ
762 2679 863 2750 ἀτειρέα
874 2681 982 2749 χαλκὸν,

306 2764 396 2834 εἵματα
407 2765 430 2820 τ’
442 2766 572 2833 εὐποίητα,
584 2767 616 2819 τὰ
628 2768 652 2818 oi
665 2765 772 2833 Φαίηκες
783 2766 887 2818 ἔδωκαν·

306 2852 348 2904 καὶ
360 2853 392 2904 τὰ
402 2853 449 2921 μέν
461 2850 489 2906 εὗ
501 2850 632 2920 κατέθηκε·
650 2851 726 2905 λίθον
737 2850 760 2904 8
773 2851 880 2918 ε’πέθηκε
892 2849 1003 2920 θύρῃσιν

306 2939 416 2994 Παλλὰς
424 2937 557 3006 Ἀθηναίη,
569 2936 647 3007 κοιίρη
660 2937 722 2997 Διὸς
733 2937 869 3007 αἰγιόχοιο.

167 3101 249 3180 Nec
276 3098 379 3170 facile
407 3099 625 3179 crediderim,
653 3097 810 3189 potuisse
838 3095 957 3164 venire
984 3095 1021 3172 in
1051 3102 1210 3164 mentem

165 3215 277 3284 cuivis
302 3213 512 3294 beatiorum,
537 3220 580 3280 ut
609 3209 862 3285 Telemachum
891 3209 1012 3300 patriae
1042 3210 1210 3301 cupidum

164 3328 299 3396 faceret
315 3349 386 3395 non
403 3327 508 3395 modo
527 3334 670 3416 propter
687 3345 862 3398 summam
879 3345 1006 3405 rerum,
1022 3322 1083 3392 sed
1103 3325 1211 3395 etiam

162 3465 210 3513 ne
228 3442 322 3533 quod
338 3464 384 3511 ex
401 3442 498 3533 regio
515 3441 750 3510 instrumento
768 3446 931 3530 pereatx:

305 3615 435 3685 βούλομαι
447 3616 494 3685 ἤδη
506 3616 607 3670 νεῖσθαι
619 3613 661 3685 ἐφ’
674 3613 784 3685 ἡμέτερ’·
804 3614 897 3685 οὐγὰρ
909 3611 1019 3669 ὄπισθεν

304 3700 383 3772 οὖρον
394 3702 439 3755 ίῶν
450 3701 600 3755 κατέλειπον
612 3700 655 3753 έπλ
667 3702 819 3757 κτεάτεσσιν
832 3701 940 3766 έμοῖσιν·

305 3788 340 3856 μη
351 3786 441 3856 πατέρ’
453 3787 569 3841 ἀντίθεον
580 3784 712 3855 διζήμενος
723 3787 800 3842 αὐτὸς
811 3785 919 3854 ὄλωμαι,

303 3875 322 3940 ἤ
331 3873 357 3926 τί
367 3894 412 3941 μοι
424 3873 452 3926 ε’κ
463 3874 582 3943 μεγάρων
593 3871 726 3940 κειμήλιον
738 3871 835 3926 ἐσθλὸν
847 3870 946 3939 ὄληται.

216 4032 332 4102 Immo
354 4034 472 4114 etiam,
491 4034 547 4102 vel
568 4034 643 4124 ipso
667 4034 704 4100 in
728 4033 820 4101 nodo
840 4033 1029 4115 Poematia,
1048 4032 1108 4101 ubi
1134 4042 1210 4102 erat

188 4271 416 4342 ³0d.viii.438.
524 4255 726 4328 ‘xxiiiaos
786 4272 943 4341 “xiii.366.
1050 4279 1122 4325 ην.
1135 4271 1179 4324 88.
