2738 4866
158 335 253 378 runt.
263 336 330 376 vm.
376 313 511 378 Achilles
519 310 688 396 panllrtr'm
703 311 736 373 ιἰι
750 330 868 374 sornam
882 309 1048 374 reducitur.
1141 313 1206 380 109

155 496 197 555 ut
215 487 291 578 ipse
305 484 499 566 Patroclus,
511 483 690 556 Vulcania
705 483 852 553 indutus
868 506 976 566 arma,
989 506 1065 553 rem
1079 493 1207 555 utcun-

154 624 225 692 que
246 601 503 670 restituendam
527 599 732 691 susciperet.
784 598 865 668 Hac
883 622 954 669 una
971 608 1008 669 et
1026 600 1100 670 sola
1118 602 1205 683 vioe,

157 717 354 786 Fortunam
387 716 474 785 fecit
505 714 620 784 Deam
646 713 851 783 Homerus:
888 738 994 805 qnam
1029 717 1207 787 dissimilis

155 855 279 901 eorum
315 839 447 913 vatum,
478 831 604 921 quibus
639 831 674 897 in
710 830 805 898 omni
841 831 1041 901 discrimine
1075 841 1206 923 praesto

156 956 238 1017 sunt
273 946 489 1039 magnanimi
524 943 673 1026 Heroes,
704 944 804 1014 velut
838 945 905 1015 θεοὶ
945 943 1013 1015 ἀπὸ
1051 955 1205 1042 μηχανῆς,

157 1070 314 1132 errantes
348 1085 389 1131 uc
420 1083 518 1153 paene
546 1061 624 1151 jam
658 1059 839 1129 confectos
873 1059 931 1128 vel
965 1063 1002 1129 in
1036 1064 1207 1133 extremis

156 1176 359 1247 liberaturi!
409 1176 585 1258 “Quanto
618 1175 749 1244 rectius
782 1174 851 1255 hic,
881 1175 942 1265 qui
977 1176 1027 1245 nil
1060 1177 1207 1247 molitur

155 1293 277 1385 inepte
290 1292 318 1361 !'’
342 1315 458 1382 neque
477 1291 652 1372 Fortunae,
671 1312 777 1380 quam
795 1299 935 1372 vocant,
958 1292 1103 1361 arbitrio
1127 1292 1206 1384 plns

156 1408 230 1477 ullo
265 1408 302 1477 in
331 1406 411 1476 loco
441 1407 578 1488 tribuit,
606 1428 713 1497 quam
747 1404 851 1474 facile
885 1406 975 1475 ferat
1009 1411 1207 1479 communis

157 1527 242 1594 vitae
260 1524 363 1594 ratio.

217 1640 314 1724 Quid
345 1661 413 1731 ego
438 1638 539 1729 quasi
568 1638 697 1729 gradus
728 1659 922 1719 numerem,
946 1660 1097 1728 quorum
1128 1661 1205 1730 ope,

157 1778 264 1847 quem
288 1757 349 1825 diu
375 1754 536 1824 consulto
562 1753 705 1835 celarat,
726 1753 763 1821 in
786 1752 901 1821 lucem
929 1754 1073 1822 taudem
1099 1761 1207 1844 atque

156 1872 193 1940 in
220 1871 334 1940 aciem
360 1869 523 1939 reducit?
585 1867 755 1949 Primum,
783 1868 848 1938 sub
876 1867 1031 1937 Patrocli
1058 1890 1207 1959 persona

156 1986 241 2076 quid
275 1984 417 2055 valeant
450 2007 582 2053 nomen
615 1987 692 2075 ejus
732 1990 770 2052 et
809 2003 907 2051 arma
946 1981 1129 2074 splendide
1169 1991 1207 2052 et

157 2101 341 2193 ingeniose
358 2100 538 2167 docemur.

300 2226 469 2296 Μυρμιδόνες,
482 2223 569 2294 έτοροι
581 2225 733 2293 Πηληϊάδεω
744 2224 876 2296 Ἀχιλῆος,

297 2311 386 2381 ἀνέρες
397 2311 466 2372 ἕστε,
480 2309 566 2380 φίλοι,
579 2307 716 2378 μνήσασθε
728 2309 757 2362 δὲ
770 2308 888 2380 θούριδος
900 2309 987 2379 ἀλκῆς·

298 2397 332 2452 ὡς
345 2396 376 2450 δν
388 2395 519 2464 Πηλείδην
530 2394 680 2464 τιμήσομεν,
693 2393 722 2450 ὃς
733 2394 789 2466 μέγ’
803 2394 910 2466 ἀριστος

297 2480 421 2552 Ἀργείων
428 2480 500 2551 παρὰ
512 2482 596 2548 νηυσὶ,
609 2480 650 2533 καὶ
662 2479 807 2550 ἀγχέμαχοι
820 2481 981 2549 θεράποντες·

297 2569 351 2636 γνῷ
363 2565 441 2619 δὲκαὶ
452 2564 585 2636 Ἀτρείδης
597 2565 748 2635 εὐρυκρείων
759 2564 925 2637 Ἀγαμέμνων
969 2622 971 2626 ,

298 2649 328 2718 ἦν
339 2651 410 2719 ὅσην,
423 2649 461 2704 ὅτ’
474 2650 581 2721 ἀριστον
592 2650 704 2720 Ἀχαιῶν
716 2651 790 2704 οὐδὲν
801 2651 888 2706 έτισεν
895 2659 917 2704 ⁸.

155 2773 310 2854 Videtis,
329 2764 549 2852 Academici,
570 2793 677 2861 quam
701 2770 790 2839 nihil
814 2770 858 2840 de
886 2793 949 2840 suc
979 2778 1062 2863 agat
1084 2770 1208 2840 Patro-

155 2888 256 2970 clus3
293 2894 439 2979 quanta·
459 2908 541 2955 cum
575 2885 745 2978 religione
779 2886 825 2954 ad
857 2887 1012 2954 amicum
1046 2888 1207 2956 remittat

156 3003 296 3085 omnia3
322 3001 416 3093 quod
434 3010 472 3071 et
488 3024 552 3092 per
569 3023 606 3070 se
625 3000 867 3071 dulcissimum
889 3008 954 3082 est,
973 3008 1011 3070 et
1026 3003 1207 3093 praecipue

157 3119 317 3211 pertinet
333 3117 377 3185 ad
391 3113 544 3185 Achillis
560 3114 722 3207 gloriam.

208 3231 349 3301 Deinde
375 3229 464 3299 illud
491 3252 573 3298 cum
599 3229 720 3320 primis
744 3228 982 3321 magnificum,
1000 3229 1093 3320 quod
1116 3253 1209 3299 mor-

156 3354 221 3416 tuo
246 3344 410 3417 Patroclo
437 3367 483 3414 ne
509 3342 606 3435 Ajax
634 3345 777 3435 quidem
805 3344 1009 3436 ingruentes
1035 3347 1207 3416 sustinere

158 3460 276 3531 valeat
292 3459 471 3551 Trojan0s‚
489 3457 651 3529 Achilles
673 3459 818 3528 inermis
835 3481 923 3528 voce
940 3458 1114 3550 vultuque
1138 3469 1209 3529 ter-

156 3584 245 3646 reat.
297 3573 378 3657 Quo
403 3573 441 3642 in
466 3573 544 3642 loco
571 3573 639 3643 erit
663 3596 776 3664 operae
799 3573 964 3664 pretium,
983 3573 1012 3642 si
1032 3573 1210 3665 paulisper

157 3712 202 3759 ea
220 3690 299 3781 quis
320 3687 494 3780 respiciat,
516 3712 593 3779 quae
619 3687 704 3757 alibi
730 3689 765 3755 in
793 3687 967 3757 consimili
993 3689 1141 3758 materia
1163 3690 1208 3759 de

158 3803 337 3874 Diomede
354 3812 455 3872 erant
473 3803 578 3872 dicta.

409 3986 415 4000 .
436 3986 443 4000 .
463 3986 470 3999 .
490 3985 498 4000 .
516 3947 623 4015 Τυδείδη
636 3945 759 4014 Διομήδεϊ
769 3947 879 4001 Πάλλας
889 3944 984 4014 Ἀθήνη

302 4031 368 4086 δῶκε
379 4031 456 4101 μένος
467 4032 508 4085 καὶ
521 4031 628 4102 θάρσος,
641 4030 671 4086 ἵν’
684 4031 793 4100 ἔκδηλος
804 4031 869 4100 μετὰ
880 4033 961 4085 πᾶσιν

302 4115 446 4189 Ἀργείοισι
457 4117 568 4189 γένοιτο,
582 4119 620 4172 ἰδέ
631 4118 707 4174 κλέος
719 4118 817 4173 ἐσθλὸν
828 4117 925 4188 ὄροιτο.

301 4204 358 4258 δαῖέ
369 4206 393 4258 ol
405 4204 433 4258 έκ
445 4205 555 4274 κόρυθός
567 4227 595 4259 τε
607 4205 648 4259 καὶ
660 4205 771 4259 ἀσπίδος
781 4204 910 4273 ἀκάματον
921 4208 982 4274 πῦρ,

584 4334 599 4363 ⁸
617 4324 649 4377 ll.
662 4323 716 4378 xvi.
730 4322 791 4392 269.
