2738 4866
155 349 251 392 rann.
263 328 523 413 111.me
534 330 654 392 Grecos
663 329 750 412 quasi
758 327 905 392 saeculam
913 328 1133 414 amciyoatiam.
1144 329 1200 394 171

155 491 243 582 erigi
278 499 316 559 et
350 491 498 561 excitari
532 492 678 582 possint.
748 489 873 582 Frigus
907 491 1117 560 intervenit:
1162 493 1207 560 de

154 604 296 695 integro
329 602 427 674 calor
460 603 693 693 recipiendus.
767 602 940 693 Equidem
978 602 1028 671 nil
1063 602 1135 673 tale
1170 605 1207 673 in

155 719 227 790 illis
260 718 507 789 ithacensibus
537 718 783 809 deprehendo:
821 719 929 788 versis
958 719 1064 787 modo
1094 741 1207 788 scenae

155 833 343 916 frontibus,
372 834 487 903 sentio
513 856 588 902 rem
612 834 762 902 eandem
790 834 868 925 agi:
904 834 1051 924 perinde
1078 856 1119 903 ac
1145 857 1208 925 per

155 951 336 1018 maritima
353 948 425 1030 illa,
443 971 504 1039 spe
522 957 693 1038 metuque
711 947 858 1017 mulceri
876 970 935 1016 me
953 949 1076 1038 patior.

208 1062 282 1132 Sed
301 1063 346 1133 de
363 1063 417 1132 his
441 1064 617 1133 acutiores
632 1063 808 1154 judicent.
861 1062 939 1132 Nos
962 1063 1005 1132 ad
1030 1084 1104 1131 rem
1129 1085 1203 1153 pro-

155 1179 309 1269 positam
326 1187 553 1248 revertamur.
597 1178 769 1260 Dicimus,
789 1178 948 1248 Homero
966 1172 1206 1271 dignissimam

155 1293 344 1362 materiem
361 1293 550 1383 praebuisse
567 1293 716 1362 alteram
734 1292 832 1362 illam
850 1293 948 1385 quasi
971 1293 1051 1362 coeli
1076 1293 1207 1362 heroici

155 1429 294 1489 zonam,
324 1429 401 1498 quae
430 1408 587 1498 proprias
614 1407 681 1477 sibi
710 1407 819 1477 habet
853 1407 1011 1477 fortunas
1041 1418 1078 1477 et
1114 1408 1208 1478 facta

155 1523 413 1614 navigantium.
453 1521 638 1612 Ejusmodi
656 1530 778 1592 autem
796 1522 917 1593 laudes
935 1537 1022 1593 tunc
1039 1525 1207 1615 temporis

156 1639 314 1707 maxime
343 1659 407 1728 per
433 1636 610 1707 Graeciam
634 1639 787 1730 viguisse
818 1647 997 1708 testantur
1025 1640 1069 1708 ad
1099 1662 1207 1708 unam

157 1775 281 1822 omnes
306 1751 470 1822 historiae.
507 1751 614 1822 Certe
640 1763 721 1845 post
744 1753 895 1845 Trojana
912 1763 1073 1844 tempora
1095 1775 1207 1843 usque

157 1892 201 1939 eo
226 1889 314 1961 gens
339 1868 462 1949 crevit,
484 1868 632 1938 assiduis
659 1891 721 1960 per
747 1870 858 1938 maria
884 1869 1002 1937 omnia
1027 1870 1208 1960 migratio-

157 1983 272 2062 nibus,
291 1982 376 2050 dum
398 1982 516 2052 stabili
535 1984 680 2052 tandem
702 1983 875 2074 firmoque
899 1983 1037 2073 imperii
1062 2005 1207 2074 corpore

159 2099 251 2167 vires
264 2096 422 2168 Orientis
436 2098 624 2188 rejecerint
643 2096 825 2168 Hellenes.
854 2097 974 2181 Quid?
1001 2096 1208 2167 Alexander

158 2211 221 2282 ille
240 2211 407 2304 Magnus,
425 2211 575 2281 Homeri
594 2212 881 2304 diligentissimus
899 2212 1015 2281 cultor
1029 2221 1065 2281 et
1084 2210 1209 2282 Achil-

157 2325 211 2408 lis,
238 2347 357 2394 nonne
380 2333 418 2395 et
443 2327 527 2416 ipse,
550 2334 631 2417 post
657 2325 781 2396 Asiam
808 2326 998 2407 devictam,
1017 2326 1207 2395 militarem

157 2440 274 2512 navali
297 2440 410 2534 gloria
434 2441 639 2520 cumulavit,
667 2442 859 2533 exploratis
885 2450 964 2511 tum
991 2441 1072 2510 Indi
1098 2442 1206 2522 ostiis,

157 2568 247 2638 tum,
264 2579 328 2649 per
345 2555 562 2636 Nearchum,
581 2556 743 2626 litoribus
761 2557 941 2648 Erythraei
958 2557 1089 2626 maris?
1126 2556 1207 2639 Quo

158 2672 266 2752 facto,
285 2669 493 2762 Odysseiam
510 2674 699 2762 quandam,
723 2680 765 2740 ut
787 2673 839 2741 ita
863 2672 988 2752 dicam,
1007 2669 1110 2739 Iliadi
1138 2692 1207 2739 suae

158 2786 311 2877 adjecit3
346 2794 461 2854 utne
490 2786 548 2855 cui
576 2787 722 2856 dubium
750 2796 853 2865 esset,
880 2786 924 2854 ad
950 2806 1059 2852 unam
1087 2783 1207 2852 ambas

159 2900 318 2970 indolem
336 2901 524 2990 pertinere.

208 3014 298 3085 “At
323 3015 418 3084 enim
442 3014 612 3096 debello,
638 3016 724 3094 acie,
751 3015 965 3094 vulneribus,
994 3012 1107 3082 altum
1134 3012 1207 3103 ple·
1339 3058 1344 3068 -

157 3153 309 3222 rumque
335 3130 372 3198 in
401 3128 573 3222 Odysseia
607 3129 808 3199 silentium:
846 3151 997 3219 quorum
1028 3130 1065 3196 in
1096 3127 1208 3198 Iliade

157 3246 370 3316 creberrima
404 3244 541 3314 mentio
576 3244 633 3314 vel
667 3267 835 3314 nauseam
869 3244 961 3314 solet
1002 3245 1207 3312 nonnemini

156 3361 332 3430 movere.”
382 3359 526 3431 Audio:
554 3361 687 3429 etenim
713 3359 780 3430 hoo
808 3359 1008 3440 illuderet,
1035 3359 1129 3449 quod
1156 3359 1209 3426 in-

158 3476 290 3546 clinata
308 3476 385 3566 jam
409 3483 514 3544 aetate
538 3483 788 3566 argumentum
811 3474 899 3543 illud
919 3473 1108 3564 sumpsisse
1125 3494 1208 3541 eum

158 3591 384 3681 conjecimus.
437 3590 574 3681 Ecquid
593 3589 745 3659 Naturae
763 3612 917 3680 veroque
934 3589 1087 3680 propius,
1101 3608 1207 3678 quam

160 3705 281 3775 Poetae
302 3705 360 3773 vel
384 3704 695 3775 vehementissimo
719 3705 879 3774 desidere
902 3703 1087 3795 paullatim
1110 3701 1207 3770 Mar-

159 3821 252 3890 tium
277 3819 381 3889 illum
407 3820 593 3902 fervorem,
612 3843 720 3910 quum
747 3842 792 3888 ne
818 3819 950 3889 milites
974 3818 1118 3909 quidem
1140 3817 1209 3884 for-

162 3933 290 4002 tissimi
307 3933 344 4000 in
362 3955 482 4002 amore
498 3933 634 4003 militiae
651 3956 856 4024 permanere
874 3932 1034 4003 soleant?
1070 3932 1209 4016 Quibus

159 4056 280 4117 tamen
299 4070 342 4117 ea
358 4048 473 4118 multo
489 4050 602 4141 magis
619 4071 725 4140 quam
743 4047 807 4117 ulli
826 4047 1017 4116 Poetarum
1036 4069 1115 4115 cara
1133 4069 1208 4115 esse

160 4162 293 4244 debet;
325 4162 382 4232 vel
409 4173 552 4254 propter
586 4185 688 4233 usum
724 4163 941 4239 diuturnum,
973 4159 1030 4228 vel
1064 4169 1209 4251 propter

160 4274 361 4365 opinionem
380 4274 487 4367 vulgi,
506 4299 550 4344 ne
570 4274 683 4343 officio
702 4275 822 4344 deesse
837 4275 1032 4344 videantur.
