2738 4866
158 349 252 394 rann.
260 349 355 395 xvm.
378 329 447 410 Quo
460 339 528 395 orto
541 327 629 417 opud
638 328 816 396 Prometheo
829 328 960 416 diplom
973 327 1110 395 όοοόοοκ
1141 327 1206 392 323

156 506 210 567 tot
228 499 304 588 ejus
321 496 488 590 partibus·
499 497 670 590 impressa
686 507 914 568 cernerentur
930 497 1091 567 fatalium
1110 505 1205 566 cate-

156 632 281 682 narum
308 613 468 704 vestigia.
531 610 585 682 Εο
613 613 759 682 tandem
782 613 893 681 ferme
916 612 1055 681 delatus
1075 621 1140 694 est,
1163 620 1205 681 ut

157 727 308 818 fingeret
327 749 349 796 a
374 748 412 796 oe
434 727 585 817 separari
606 727 759 799 inuicem
780 723 908 795 summi
933 723 1102 794 Numinis
1126 732 1206 815 pot-

156 848 310 922 estatem
340 849 383 909 ut
399 862 516 930 neque
533 839 562 909 is
582 838 642 931 qui
661 836 846 909 Maximus
862 840 909 908 sit
920 839 1002 928 jure
1018 835 1127 907 etiam
1145 860 1205 906 vo-

156 960 258 1024 cetur
269 952 447 1044 Optimum
459 976 526 1023 neo
539 954 600 1044 qui
613 954 732 1023 omnia
745 953 855 1044 possit
866 953 985 1021 omnia
994 950 1099 1042 plane
1109 951 1204 1020 idem

156 1066 268 1136 sciat:
303 1067 399 1137 unde
420 1091 492 1138 non
514 1067 590 1141 fieri
611 1067 738 1159 potuit,
760 1069 844 1157 quin
867 1065 1090 1138 exorirentur
1108 1064 1207 1133 mirae

156 1179 322 1270 quaedam
335 1179 456 1263 turbae„
471 1189 509 1250 ot
522 1179 670 1250 confusa
685 1199 803 1248 rerum
817 1177 1078 1258 colluvionum
1090 1173 1204 1245 solum

156 1295 371 1376 mortalium,
388 1295 450 1365 sed
468 1295 666 1364 divinarum
682 1314 824 1384 quoque
841 1301 879 1361 et
896 1290 1100 1360 caelestium.

217 1406 312 1490 Jam‚
346 1418 388 1478 ut
421 1407 500 1481 haeo
534 1407 672 1500 singula
705 1408 816 1476 fusius
850 1405 969 1497 paullo
1004 1423 1204 1495 exponam3

155 1524 311 1616 primurn
333 1525 371 1592 in
391 1546 517 1615 campo
540 1522 602 1592 illo
622 1522 824 1603 Poetarum,
847 1523 910 1612 qui
930 1528 984 1590 eat
1005 1520 1206 1591 demiseris

157 1633 329 1728 aegrisqne
363 1631 581 1714 mortalibus,
620 1652 726 1703 nemo
762 1633 919 1702 omnium
956 1629 1062 1701 latius
1090 1629 1206 1724 vagari

158 1749 260 1819 solet.
312 1746 437 1819 Unum
463 1747 508 1817 do
533 1746 655 1817 multis
678 1748 827 1838 aooipite
850 1745 1065 1837 exemplum,
1092 1744 1206 1837 Nym-

157 1862 308 1955 pharum
325 1863 485 1944 naeniam‚
503 1860 746 1932 advolantium
762 1862 799 1929 in
817 1883 922 1952 opem
940 1858 1173 1930 Promethei⁸.

402 1978 463 2054 φόρ’
475 1981 545 2037 ὅπως
556 1981 648 2052 ἄχαρις
658 1982 742 2052 χάρις,
754 1980 775 2034 ό
786 1981 875 2049 φίλος,
888 1981 929 2034 τό-

404 2068 446 2130 πὲ,
458 2071 510 2123 ποῦ
521 2089 560 2124 τις
571 2066 656 2130 ἀλκά;

405 2152 444 2207 τίς
455 2151 602 2223 ἐφαμερίων

405 2237 509 2306 uppem
529 2236 583 2291 οὔδ’
595 2237 720 2307 ἐδέρχθης

404 2319 586 2393 ὀλιγοδρανίαν

407 2407 503 2470 ἄκικυν,
516 2406 653 2476 ἰσόνειρον,
664 2403 682 2475 ᾇ
693 2407 723 2460 τὸ
735 2407 831 2474 φωτῶν

406 2490 496 2545 ἀλαὸν.
507 2531 513 2545 .
525 2530 531 2544 .
542 2490 631 2561 ,γένος
642 2491 804 2559 ἐμπεποδισ-

405 2576 482 2644 μένον
488 2596 497 2639 3
515 2580 609 2630 οὔποτε
619 2576 667 2631 τὰν
678 2578 740 2632 Διὸς
750 2575 874 2646 ἁρμονίαν

406 2661 506 2718 θνατῶν
516 2663 655 2733 παρεξίασι
665 2663 770 2727 βουλαί.

160 2755 246 2827 Non
269 2755 417 2828 obscure
442 2779 515 2851 prae
538 2781 575 2829 se
598 2759 718 2830 ferunt
738 2757 991 2829 contumeliam
1017 2754 1217 2849 quandam,

157 2871 405 2940 misericordia
423 2893 494 2942 ouae
511 2872 726 2945 immitam:
756 2872 897 2964 qualern
915 2873 1115 2941 ominemur
1129 2872 1206 2940 foro

159 2983 358 3075 puellarum
376 2984 580 3066 caelestium,
598 3007 661 3055 suo
678 2986 791 3079 magis
808 2985 941 3057 lumino
954 2983 1205 3065 exultantium,

156 3120 264 3188 quam
287 3098 403 3168 aliena
429 3097 643 3190 plorantium
671 3100 774 3169 mala.
827 3099 956 3192 Neque
983 3098 1078 3169 aliud
1102 3106 1204 3168 sonat

159 3233 282 3281 aarum
300 3234 453 3292 carmen,
471 3211 533 3280 ubi
551 3213 664 3302 primo
681 3214 719 3281 in
736 3235 878 3282 scenam
895 3212 1167 3306 ingrediuntur.

404 3328 450 3381 οὔκ
461 3323 584 3384 ἀκούσαις
595 3327 740 3398 ἐπεθόῦξας

402 3415 490 3476 τοῦτο,
502 3413 641 3483 Προμηθεῦ
651 3434 660 3468 ι

404 3499 445 3550 καὶ
457 3501 502 3551 νῦν
512 3498 621 3572 ἐλόφριρ
632 3499 694 3555 ποδὶ
704 3501 895 3570 κραιπνόσυτον

402 3581 481 3642 θᾶκον
491 3583 659 3652 προλισοῦσ’,
670 3584 760 3651 αι’θέρα
771 3583 794 3639 θ
805 3585 893 3656 ἁγνόν,

401 3668 484 3735 πόρον
494 3667 598 3730 οἰωνῶν,
610 3668 750 3737 ὀκριοέσσῃ

400 3751 476 3821 χθονὶ
488 3752 549 3820 τῇδε
559 3755 640 3807 πελῶ·
659 3753 719 3810 τοὺς
730 3754 794 3811 σοὺς
805 3753 835 3808 δὲ
846 3755 941 3812 πονοὺς

399 3836 487 3906 χρῄζω
499 3837 636 3895 διαπαντός
647 3839 765 3893 ἀκοῦσαι.

153 3929 309 4003 Aooedit
325 3938 363 4001 et
380 3931 470 4002 illud
487 3933 553 4002 sub
571 3932 704 4004 Ooeani
722 3936 902 4006 adventur

364 4058 403 4122 ἔα,
415 4062 444 4112 τί
452 4061 558 4130 χρῆμα;
576 4061 618 4114 καλ
630 4061 665 4115 σὺ
677 4061 708 4131 δὴ
719 4065 805 4118 πόνων
817 4063 884 4133 ε’μῶν

365 4144 433 4211 ἥκεις
445 4144 557 4214 ἐπόπτης
564 4166 572 4209 3
590 4151 645 4201 πῶς
654 4146 809 4217 ἐτόλμησας,
820 4148 907 4203 λίπων

331 4268 343 4295 ³
361 4260 448 4314 Prom.
461 4273 523 4330 559.
854 4266 865 4302 ⁸
882 4265 951 4321 lbid.
964 4267 1025 4332 285.

653 4370 678 4418 Y
691 4357 716 4419 2
