2738 4866
155 361 253 404 rann.
266 361 307 401 vr.
369 335 504 401 Iliadem
518 335 617 401 deberi
630 336 776 401 dosidem
790 338 837 401 rei
851 335 1000 400 Heroioae.
1166 337 1206 398 81

156 513 299 581 actione
322 512 514 581 consistere
540 511 701 601 putavit3
727 529 844 598 neque
866 506 970 576 facile
992 528 1203 596 quenquam,

157 635 198 695 ut
213 628 364 708 videtur,
381 634 508 717 praeter
521 623 719 693 Homerum
735 646 776 693 ac
788 622 978 714 Tragoedos
989 619 1141 702 Atticos,
1160 644 1206 690 ne

156 742 302 809 nomine
320 742 463 832 quidem
481 749 586 808 tenus
604 739 796 807 Poetarum
815 735 994 805 ordinibus
1011 737 1207 827 adscripsit.

159 855 247 937 Nos,
272 857 332 946 qui
361 854 547 924 Lucretios
576 863 615 922 et
638 852 819 944 Virgilios,
850 851 911 936 (ne
941 852 1055 920 dicam
1085 874 1207 921 receu-

157 971 275 1059 tima)
297 971 469 1050 novimus,
487 970 538 1037 ita
560 969 690 1037 summi
708 969 771 1036 viri
791 966 991 1036 accedimus
1012 967 1206 1047 sententiae,

156 1093 199 1154 ut
213 1085 336 1154 otiosis
349 1106 447 1153 suam
461 1084 586 1152 demus
602 1082 746 1162 Poesin3
764 1083 892 1172 quibus
909 1090 1031 1150 autem
1043 1080 1207 1150 laudibus

157 1199 219 1268 ille
258 1197 469 1278 Homerum,
511 1195 796 1266 Dramaticorum
836 1195 1048 1286 Principem,
1090 1196 1207 1287 vigere

159 1313 283 1394 voluit,
301 1336 361 1383 eas
377 1311 477 1382 nulla
493 1334 539 1381 ex
555 1320 658 1403 parte
675 1311 787 1379 minui
806 1310 966 1378 velimus.

211 1545 404 1639 Fingamus
428 1545 549 1637 itaque
572 1541 735 1638 flagranti
761 1543 902 1637 ingenio
920 1542 1044 1624 virum,
1063 1543 1208 1613 summis

160 1661 361 1731 Phantasiae
385 1666 502 1753 (quam
521 1665 664 1752 vocant)
688 1661 841 1741 dotibus,
859 1683 929 1749 quo
953 1667 1113 1750 tempore
1137 1658 1207 1728 labi

159 1782 344 1866 coeperunt
363 1783 402 1843 et
421 1776 458 1844 in
481 1776 636 1844 deterius
659 1775 740 1843 ferri
762 1775 856 1866 apud
878 1773 1024 1844 Graecos
1046 1773 1207 1842 Heroum

159 1889 313 1958 saecula:
339 1889 514 1981 fingamus
535 1892 655 1970 etiam,
674 1913 735 1959 seu
748 1890 841 1959 forte
859 1891 1021 1980 quadam,
1040 1911 1102 1957 seu
1120 1889 1207 1957 vitio

160 2004 339 2094 temporis,
358 2026 474 2094 neque
497 2005 542 2073 ad
559 2004 815 2095 rempublicam
838 2027 955 2094 neque
978 2005 1023 2072 ad
1044 2002 1208 2071 militiam

160 2119 193 2187 ei
235 2120 309 2187 viro
352 2119 459 2188 fuisse
502 2121 756 2188 accedendum.
828 2119 946 2189 Facile
989 2119 1208 2199 crediderim,

159 2255 291 2301 nomen
318 2233 455 2303 dedisse
482 2231 667 2328 ῥαψῳδοϊς,
698 2243 785 2304 tunc
810 2234 980 2325 temporis
1005 2233 1098 2323 apud
1128 2256 1209 2302 suos

160 2348 383 2440 vigentibus:
424 2357 465 2417 ut
504 2371 556 2430 ea,
586 2370 664 2438 quae
693 2371 799 2441 agere
829 2358 1018 2430 vetaretur,
1049 2350 1208 2417 canendo

159 2461 287 2530 saltem
306 2471 438 2530 tereret
459 2485 583 2531 aevum.
636 2462 760 2552 Ecqua
777 2462 920 2530 tandem
939 2462 1076 2530 ratione
1092 2463 1210 2553 potuit

159 2578 334 2667 ejusmodi
368 2577 541 2646 desiderio
579 2577 715 2646 consuli
752 2576 890 2657 melius,
924 2599 1029 2666 quam
1063 2586 1105 2643 ut
1138 2599 1210 2645 una

160 2692 205 2760 de
235 2690 357 2759 multis
386 2690 578 2783 eligeretur
607 2692 770 2772 narratio,
802 2689 1018 2782 amplissimo
1049 2692 1208 2771 decursu,

158 2804 391 2875 celeberrima
423 2805 583 2887 materia,
612 2804 811 2874 clarissimis
845 2803 979 2893 ubique
1008 2802 1209 2873 nominibus

160 2921 348 3001 distinota3
375 2943 452 3010 quae
476 2928 513 2988 et
535 2920 703 2989 scribenti
726 2918 874 2988 referret
896 2918 1009 2986 indies
1032 2919 1209 3008 praeterita

159 3043 333 3126 tempora,
358 3034 503 3103 delicias
530 3056 631 3117 suas;
662 3042 698 3102 et
728 3042 870 3101 mortuo
901 3032 1048 3101 fortasse
1074 3055 1210 3101 memo-

159 3150 262 3219 riam·
291 3157 512 3242 propagaret,
548 3147 806 3240 augustissimae
843 3146 992 3216 heroum
1031 3150 1209 3220 memoriae
1277 3147 1282 3155 ’

161 3263 361 3334 annexam?

212 3377 284 3448 Sed
320 3379 622 3470 operaepretium
653 3379 720 3447 erit
753 3379 964 3461 meminisse,
992 3381 1075 3469 quid
1107 3390 1208 3451 sonet

158 3491 351 3563 Hernicum
377 3493 476 3574 illud,
503 3496 603 3584 cujus
633 3494 744 3562 amori
774 3516 815 3564 ac
845 3495 1018 3563 desiderio
1049 3495 1210 3585 pulcher-

159 3608 291 3675 rimum
326 3630 414 3697 opus
448 3616 634 3697 acceptum
670 3607 864 3676 referimus.
932 3607 1051 3676 Nemo
1085 3608 1207 3686 nescit,

161 3718 325 3789 Heroum
342 3723 557 3811 praecipuam
581 3721 722 3789 laudem
747 3722 783 3788 in
807 3720 935 3789 bellica
952 3723 1084 3790 virtute
1100 3722 1209 3790 fuisse

160 3836 335 3924 positam3
360 3835 412 3903 ita
428 3843 549 3904 tamen
567 3835 727 3926 pluribus
745 3843 944 3925 temperata
964 3837 1087 3916 modis
1105 3843 1147 3904 ut
1164 3837 1209 3905 ad

160 3949 430 4019 similitudinem
456 3950 632 4040 quandam
660 3952 846 4019 accesserit
873 3951 1045 4040 majorum
1073 3960 1209 4019 nostro-

160 4086 250 4144 rum,
271 4063 466 4154 Mediique,
486 4066 578 4156 quod
597 4074 736 4144 vocant,
755 4067 847 4135 AEvi.
900 4065 987 4133 Erat
1005 4067 1112 4134 etiam
1130 4075 1207 4135 tum

160 4177 304 4268 Argivis
327 4176 501 4269 (nondum
529 4179 623 4249 enim
650 4178 831 4258 Hellenos,
855 4187 947 4248 teste
967 4179 1172 4271 Thucydide
1184 4193 1208 4261 ⁸,

644 4314 684 4367 ¹i.
697 4329 723 4380 3.

666 4421 690 4468 G
