2738 4866
388 1409 785 1498 PRAELECTIO
830 1415 1096 1501 TERTIA.

675 1686 817 1701 ψ

223 1869 394 1942 Coufirmatur
411 1876 504 1928 iterum
522 1882 612 1928 costra
627 1876 658 1929 de
674 1877 778 1930 Summa
791 1879 831 1931 rei
849 1878 962 1931 Poeticae
981 1878 1059 1942 retia
1079 1879 1238 1948 orpumectis
1255 1893 1271 1932 e

255 1962 356 2014 coeteris
371 1963 480 2026 artibus,
497 1979 552 2032 quc
570 1963 606 2015 ad
623 1964 805 2016 humanitatem
817 1965 959 2033 pertineat,
972 1965 1095 2034 quesitis.
1132 1965 1269 2034 Euanplis

255 2045 369 2110 docetur,
382 2049 458 2116 quale
468 2049 504 2100 sit
519 2048 587 2100 itud
598 2047 666 2116 quod
677 2050 809 2117 appellant
825 2051 900 2117 culpa
912 2050 1053 2113 Poeticum,
1066 2049 1137 2118 apud
1147 2050 1268 2102 Pictores

249 2132 336 2200 primo
356 2139 381 2185 et
402 2133 568 2202 Sculptcres:
590 2133 680 2189 deiude
700 2135 729 2186 iu
746 2135 930 2187 Architectura
950 2142 975 2187 et
994 2136 1116 2188 Musica.-
1135 2142 1267 2205 postremo

254 2217 325 2286 apud
337 2219 470 2282 Oratores,
482 2236 616 2289 omnesque
628 2221 673 2288 qui
683 2221 798 2273 oucibus
808 2221 894 2273 saluta
905 2221 1039 2274 scateat(

294 2436 493 2510 ERAOTA
524 2441 601 2530 jam
635 2462 678 2509 ea
711 2439 957 2530 disputationis
990 2447 1117 2509 nostrae
1152 2449 1264 2532 parte,

323 2579 403 2648 quae
426 2556 471 2625 ad
489 2555 696 2623 familiarem
714 2554 809 2622 hunc
830 2576 1028 2636 sermonem
1047 2561 1085 2623 et
1106 2555 1151 2623 ad
1169 2577 1266 2625 com-

217 2691 363 2740 munem
381 2671 489 2739 vitam
506 2670 717 2761 pertinebat,
735 2669 778 2737 ad
796 2668 895 2736 illam
912 2668 1069 2748 alteram,
1089 2669 1117 2737 si
1135 2669 1263 2759 placet,

218 2787 435 2866 accedamus
459 2803 537 2876 quae
560 2806 606 2853 ex
626 2806 692 2852 usu
718 2783 906 2853 verborum
932 2783 1083 2864 docebit,
1108 2783 1264 2874 primum

218 2900 364 2992 singulis
384 2900 518 2970 artibus
541 2921 640 2968 suam
658 2899 834 2990 quandam
852 2896 982 2967 Paesin
998 2897 1117 2978 tribui,
1135 2897 1264 2967 deinde

218 3013 310 3102 apud
338 3034 460 3082 omnes
486 3014 582 3082 idem
608 3013 681 3082 fere
707 3035 836 3082 munus
859 3012 934 3102 ejus
960 3012 1186 3101 officiumque
1212 3013 1264 3080 in-

218 3126 335 3196 dicari.

268 3241 402 3333 Atque,
426 3249 467 3312 ut
490 3264 613 3311 verum
634 3243 755 3323 fatear,
773 3241 993 3323 Academici,
1012 3240 1145 3309 invitus
1168 3239 1263 3311 huna

217 3357 335 3427 locum
363 3357 510 3449 attingo,
538 3379 654 3447 neque
683 3357 838 3426 multum
867 3357 982 3426 abfuit
1010 3355 1095 3445 quin
1122 3378 1264 3446 prorsus

217 3472 454 3542 omittendum
489 3472 751 3541 existimarem:
789 3472 849 3563 qui
882 3492 928 3539 ne
962 3469 1084 3560 primis
1118 3471 1262 3560 quidem

217 3585 322 3655 labris
346 3586 448 3677 plura
473 3608 531 3655 me
561 3586 679 3655 studia
707 3594 866 3677 gustasse
893 3585 1029 3664 scirem,
1062 3583 1107 3652 de
1135 3585 1264 3675 quibus

216 3701 310 3792 apud
345 3722 416 3782 voe,
444 3700 533 3769 tales
562 3700 666 3781 virae,
693 3699 801 3768 verba
833 3699 922 3767 mihi
956 3698 1117 3767 facienda
1151 3706 1262 3767 erant.

217 3815 343 3905 Itaque
360 3814 613 3904 praeteriissem,
627 3813 663 3881 ni
681 3815 883 3906 cogitarem,
897 3813 1070 3903 imperitis
1087 3814 1125 3881 in
1143 3812 1264 3902 hujus-

215 3930 312 3997 modi
349 3936 558 4020 argumento
595 3949 667 3995 non
702 3927 799 4015 ¹bane
838 3927 1041 4019 suffragium
1083 3926 1262 4018 denegari.

216 4041 347 4134 Neque
373 4041 467 4109 enim
498 4042 667 4132 cujusque
696 4044 781 4112 artis
806 4023 884 4132 quae
914 4044 960 4111 sit
990 4039 1142 4110 formula
1167 4064 1264 4110 nunc

216 4156 423 4247 quaerimus3
458 4177 573 4244 neque
602 4177 667 4224 nos
694 4156 944 4246 discipulorum
973 4155 1101 4233 locum,
1128 4155 1262 4224 nedum

125 4293 131 4308 ·
215 4269 473 4359 magistrorum,
507 4268 654 4359 implere
689 4270 879 4353 volumus3
927 4273 989 4340 sed
1025 4269 1262 4352 indoctorum,

215 4382 327 4450 otiose
344 4382 592 4472 spectantium.
629 4382 700 4465 Qui
717 4385 745 4451 si
764 4384 904 4473 quando
916 4386 1002 4453 artis
1019 4384 1138 4476 ipsius,
1157 4366 1264 4474 quam
