2738 4866
223 324 266 386 52
446 319 595 405 Eucnplc
611 319 648 383 de
663 319 850 403 Lapponict's
863 318 1028 401 dempta
1117 337 1212 379 rann.
1224 337 1267 379 ιν.

224 481 313 564 Quae
339 502 420 550 cum
445 480 576 560 audias,
600 479 695 549 dicas
715 478 829 570 plane,
848 475 1003 547 Genium
1030 475 1098 544 loci
1124 481 1272 544 cantan-

222 595 318 663 tibus
335 592 499 661 annuisse
516 612 619 660 suum
637 591 724 661 illud
743 591 892 661 effusum
911 613 951 659 ac
968 591 1059 658 lene.

275 705 414 776 Verum
436 704 532 772 omni
555 703 661 773 melle
679 704 836 773 dulciora
858 710 941 771 sunt
965 724 1017 782 ea,
1035 725 1113 791 quae
1131 700 1271 792 Lappo-

225 821 305 889 nico
341 821 480 889 cuidam
511 820 659 887 amatori
690 818 911 887 tribuuntur:
949 839 1025 907 quae
1055 838 1098 884 eo
1128 815 1271 905 quidem

223 934 335 1026 magis
351 933 504 1024 placent,
522 932 616 1021 quod
639 933 732 1002 inter
754 933 853 1000 nives
878 939 916 998 et
938 931 1089 1021 pruinas,
1108 938 1270 998 extremo

224 1047 317 1117 orbis
334 1045 475 1139 angulo,
492 1045 584 1114 fiunt
601 1038 765 1115 0bviar2'

435 1238 478 1292 En
490 1254 611 1309 unquam
622 1237 696 1290 feriet
708 1254 875 1308 purpureum
882 1240 963 1309 jubar

435 1324 522 1378 Nobis
536 1341 596 1377 cara
607 1325 702 1393 procul
713 1324 842 1378 flumina?
862 1325 1005 1382 frondibus

470 1410 513 1464 En
526 1409 621 1463 dilecta
632 1409 742 1463 remotis

506 1495 599 1566 Longe
610 1495 771 1565 prospiciam
782 1497 860 1550 loca?

436 1581 490 1645 Ah,
504 1582 535 1645 si,
549 1599 602 1652 qua
613 1599 672 1635 mea
684 1583 731 1635 lux
743 1581 854 1636 floribus
867 1582 932 1636 aviis

437 1666 609 1721 Circumfusa
616 1667 695 1737 jacet,
709 1684 815 1721 cernere
826 1668 875 1721 erit
888 1670 978 1731 semel,

470 1752 541 1807 Alta
553 1752 670 1807 culmina
681 1753 761 1821 pinus

504 1837 633 1901 Tentabo,
645 1838 715 1891 foliis
728 1855 814 1908 neque

437 1919 557 1987 Par'cam,
569 1941 630 1978 vere
642 1941 713 1977 novo
724 1925 786 1978 laeta
797 1924 960 1979 virentibus:
987 1996 989 2001 Ι

437 2008 527 2067 Quam
538 2011 633 2064 vellem
645 2009 748 2079 gremio
759 2010 840 2064 nubis
851 2010 881 2064 in
893 2011 977 2066 arduo

471 2096 499 2148 N
500 2103 561 2150 otas
572 2096 657 2150 visere
668 2095 739 2165 ripas

506 2181 524 2235 J
526 2181 628 2235 ncundi
640 2181 755 2252 Zephyri
768 2180 869 2236 darent.

438 2266 568 2336 Sperandi
581 2266 644 2320 satis
657 2274 713 2321 est:
733 2267 805 2336 eripe
815 2276 842 2321 te
853 2285 945 2331 morae,

438 2352 500 2406 Neu
512 2352 603 2406 dulces
616 2361 724 2422 pereant
735 2352 874 2408 immeritae
887 2354 944 2409 dies

473 2438 551 2492 Votis
563 2438 751 2509 ominibusque

507 2524 629 2587 'lubenti¹
641 2532 667 2577 et
678 2523 752 2594 vigili
763 2541 850 2593 prece.

278 2718 366 2789 Haec
388 2721 598 2810 paucissima
618 2720 663 2788 de
686 2719 845 2810 pluribus
863 2722 1063 2813 deprompsi
1090 2721 1272 2813 exempla:

227 2857 387 2926 quorum,
406 2842 587 2924 utcunque
604 2833 698 2902 inter
714 2856 751 2902 se
769 2835 1054 2927 discrepantium,
1074 2859 1146 2905 una
1166 2845 1274 2927 atque

227 2951 352 3020 eadem
365 2951 595 3018 videturesse
612 2949 721 3017 ratio:
749 2972 828 3018 curn
847 2952 980 3040 pariter
996 2960 1033 3020 et
1050 2950 1185 3019 leniora
1201 2950 1274 3019 haec

228 3073 265 3132 et
290 3063 352 3133 illa
381 3063 551 3132 acerrima
576 3085 648 3131 non
674 3063 742 3131 nisi
772 3063 877 3154 pleno
908 3064 952 3133 de
980 3073 1123 3157 pectore
1151 3066 1274 3135 fluant.

229 3179 383 3260 Etenim,
411 3186 452 3247 ut
480 3177 579 3246 brevi
607 3199 681 3245 rem
710 3178 934 3268 complectar,
963 3202 1085 3250 omnes
1115 3183 1275 3251 omnium

262 3414 277 3452 1³
291 3404 417 3468 Scheffer,
425 3404 565 3473 Lappcuia
577 3403 638 3468 284.
676 3402 817 3457 Habentur
829 3390 1048 3477 eadem'Anglice,
1061 3406 1149 3476 Spect.
1158 3406 1207 3460 ΝΟ.
1215 3404 1275 3477 366.

215 3511 220 3530 ³
229 3490 415 3553 Conseruntur,
428 3489 451 3543 si
462 3489 536 3551 libet,
549 3487 704 3542 didcissima
715 3488 769 3551 illa,

490 3600 531 3646 “I
540 3615 590 3646 saw
602 3600 641 3647 tte
652 3615 721 3647 mom
732 3602 779 3649 riae
790 3601 879 3660 clear,''
889 3611 934 3651 etc.

228 3696 305 3776 cujus
318 3704 441 3760 carminis
454 3704 601 3757 etiamnum
612 3702 684 3772 viget
698 3702 825 3773 Scriptor.

460 3812 477 3840 “
489 3810 546 3857 Vidi
557 3825 629 3858 mane
640 3825 703 3858 novo
715 3811 755 3858 Sol
765 3813 807 3860 ubi
819 3815 933 3863 funderet

490 3890 590 3938 Intactis
601 3890 698 3938 nivibus
710 3907 860 3953 purpureum
869 3896 951 3955 jubar,

523 3972 574 4020 Nec
584 3971 671 4020 velocis
683 3972 709 4018 in
721 3988 805 4021 aurem

555 4052 647 4114 Cervae,
659 4069 707 4115 qua
718 4067 828 4116 properet
839 4055 886 4116 via,

491 4133 565 4181 Dixi:
582 4136 643 4196 quin
654 4135 746 4182 domini
758 4137 852 4184 conscia
862 4136 962 4197 prosilit,

493 4215 573 4262 Instat
584 4230 654 4263 cerva
665 4231 714 4263 suae
726 4214 807 4278 (novit
817 4217 892 4267 enimi
905 4217 957 4275 via,

526 4295 589 4343 Toto
600 4297 668 4345 novit
679 4297 705 4343 in
717 4298 773 4345 orbe

557 4377 595 4426 Te
605 4387 694 4426 metam
706 4387 786 4440 petere
797 4378 921 4426 unicam.”
