2738 4866
174 367 261 408 rnen.
278 368 344 409 xvr.
378 347 568 430 Oouy'ecturae
580 348 618 412 do
631 349 759 413 Homeri
774 360 868 428 relate,
885 353 1118 437 rodrisfooero.
1149 354 1213 418 265

217 515 288 586 Ao
309 521 461 610 primum
496 522 638 610 quidem
673 521 718 590 de
752 531 855 591 aetate
890 524 1068 613 scriptoris
1101 548 1213 615 pauca

170 634 332 724 quaedam
355 636 602 725 praemittenda
618 658 767 706 censeo:
794 658 865 706 non
884 660 954 728 quo
975 646 1110 730 putem,
1129 663 1213 709 vex-

168 748 332 817 atissimae
360 751 542 839 quaestioni
571 752 760 841 quidquam
796 773 854 820 me
885 751 1074 822 allaturum
1105 756 1212 837 novi3

169 883 289 930 verum
315 864 382 931 erit
407 864 562 934 fortassis
583 888 696 956 operae
718 868 883 957 pretium,
902 869 930 936 si
951 869 1211 952 demonstrabo,

167 999 289 1045 omnes
308 978 419 1050 ferme
442 969 487 1046 de
510 1002 553 1047 ea
577 1003 616 1048 re
639 981 823 1050 doctorum
843 982 995 1051 virorum
1018 986 1211 1053 sententias

166 1091 258 1160 intra
281 1114 341 1160 eos
362 1094 459 1183 quasi
485 1094 616 1163 limites
637 1095 810 1177 eoneludi,
832 1098 892 1187 qui
916 1098 1000 1166 satis
1027 1099 1212 1166 commode

165 1229 247 1274 eum
266 1207 393 1275 nostris
410 1209 576 1300 conjungi
593 1211 728 1299 possint
752 1218 790 1280 et
814 1211 1002 1281 conciliari.
1056 1212 1152 1282 Nem
1174 1223 1211 1309 et

164 1321 273 1390 Duris
312 1320 374 1390 ille
412 1321 583 1404 Samius³,
618 1326 677 1413 qni
718 1326 754 1393 in
789 1324 1021 1417 longinquum
1056 1328 1211 1397 maxime

164 1445 305 1527 tempus
330 1438 453 1527 rejecit
478 1438 697 1508 obsidionem
723 1441 893 1523 Troicum,
912 1451 949 1510 et
975 1443 1093 1534 magni
1119 1443 1212 1510 inter

163 1559 338 1620 nost-rates
357 1552 430 1633 viri,
451 1551 512 1642 qui
536 1553 596 1620 vix
622 1560 766 1621 eentum
794 1561 831 1621 et
857 1554 1089 1644 quadraginta
1111 1555 1211 1623 annis

161 1668 299 1758 sejungi
325 1689 404 1734 eam
427 1667 552 1735 volunt
577 1668 622 1736 ab
645 1665 898 1759 Olympiadum
923 1665 1056 1746 initiol’‚
1084 1669 1210 1737 disere-

162 1790 248 1873 pant
266 1782 318 1850 illi
336 1781 479 1871 quidem
496 1784 534 1849 in
551 1780 695 1863 Troicis,
713 1783 765 1850 ita
783 1790 913 1863 tamen,
932 1783 1027 1851 utin
1045 1781 1211 1851 Homeri-

162 1898 212 1966 ois
239 1919 311 1964 non
338 1918 467 1988 magno
495 1896 640 1986 negotio
668 1896 854 1964 conveniat
882 1898 976 1965 inter
1005 1920 1075 1966 eos,
1127 1896 1211 1966 Sive

161 2013 257 2080 enim
281 2033 391 2079 annos
414 2009 696 2078 antechristum
720 2009 819 2078 mille
836 2018 1034 2079 tercentum
1059 2009 1210 2101 amplius

161 2148 244 2194 oum
262 2123 399 2193 Duride
412 2125 490 2205 isto,
509 2123 582 2193 sive
596 2147 677 2193 cum
698 2123 877 2192 Newtono
889 2134 1086 2217 nongentos
1104 2128 1210 2195 modo

161 2239 359 2307 tribuamus
380 2239 518 2307 excidio
536 2239 656 2328 Trojae‚
675 2247 791 2307 ratum
813 2240 880 2307 erit
903 2248 1085 2330 utcunque
1104 2242 1210 2310 diser*-

162 2365 240 2421 tum
258 2353 493 2444 Thucydidis⁰
506 2353 760 2432 testimonium,
771 2353 924 2421 reditum
940 2353 1209 2424 Heraclidamm

161 2467 344 2559 octoginta
359 2467 466 2534 modo
484 2468 583 2535 aunis
600 2467 645 2536 ab
664 2465 731 2534 Ilio
749 2474 853 2558 oapto
871 2468 1099 2559 sejungentis.
1207 2531 1209 2536 ,

212 2581 317 2663 Quod
353 2582 394 2664 si,
429 2580 618 2649 Mitfordio
653 2589 809 2662 auctore,
844 2604 975 2671 ponere
1010 2583 1088 2672 quis
1122 2583 1209 2651 velit

162 2694 311 2764 iliadem
343 2704 427 2764 ante
459 2695 679 2777 Heraclides,
707 2719 760 2764 nae
794 2698 910 2788 ipsum
944 2697 1032 2766 illud
1068 2707 1209 2787 tempus

161 2808 317 2890 habebis,
345 2833 414 2899 quo
445 2809 600 2878 maxime
630 2831 718 2898 opus
748 2818 824 2878 erat
858 2812 902 2878 ad
938 2819 1057 2879 nostra
1084 2812 1209 2880 confir-

159 2924 298 2992 manda.
351 2922 474 3014 Atque
497 2925 533 2992 in
555 2923 645 2992 hano
668 2932 806 3014 partem
830 2947 937 2993 manu
956 2925 1055 3014 quasi
1073 2926 1207 2994 ducunt

160 3040 329 3130 temporis
343 3047 449 3121 notae,
463 3040 522 3108 hie
534 3039 608 3108 illio
621 3041 658 3107 in
672 3040 884 3109 carminibus
901 3040 985 3131 ipsis
1003 3063 1146 3132 sparsae:
1171 3043 1206 3112 id

160 3156 253 3245 quod
276 3163 380 3223 acute
397 3178 461 3245 pro
479 3177 542 3224 suo
559 3176 658 3224 more
677 3155 798 3223 docuit
818 3155 880 3224 ille
899 3179 1003 3245 quem
1021 3157 1128 3224 modo
1146 3178 1208 3225 no-

160 3269 304 3350 minavi,
323 3268 491 3339 Historiae
517 3270 704 3339 Graiorum
731 3270 825 3360 apud
844 3267 982 3361 Anglos
1007 3294 1077 3339 non
1104 3271 1208 3338 mini-

162 3407 241 3453 mus
258 3379 414 3452 auotord.
455 3383 526 3465 Qui
544 3384 704 3474 profecto
723 3406 793 3451 non
811 3383 925 3451 levem
944 3383 1052 3453 habet
1070 3385 1207 3474 conjec-

161 3511 248 3566 turae
275 3521 344 3566 suae
369 3498 621 3578 defensionem,
648 3498 742 3588 quod
766 3499 823 3566 vix
850 3499 987 3588 uspiam
1013 3500 1107 3589 apud
1130 3498 1208 3567 Ho-

159 3634 296 3678 merum
316 3612 467 3701 reperies
485 3612 702 3680 mentionem
721 3612 795 3679 fieri
814 3634 929 3680 rerum
953 3613 1207 3695 recentiomm3

159 3727 289 3793 mutati
308 3725 383 3806 soli,
402 3748 600 3794 eversarum
619 3726 771 3807 urbium,
790 3728 952 3817 stirpium
974 3727 1206 3818 gentiumque

158 3840 194 3906 in
214 3838 348 3907 cladem
368 3861 409 3906 ao
428 3839 564 3908 ruinam
588 3849 757 3907 aeterum.
809 3838 992 3921 Quantum
1017 3846 1137 3907 autem
1164 3862 1206 3908 ea

192 4078 208 4106 ⁸
225 4069 276 4138 Ap.
298 4069 326 4123 S.
343 4070 427 4124 Clem.
447 4072 523 4125 Alex.
544 4071 639 4124 Strom.
653 4073 671 4124 i.
691 4075 716 4138 §.
733 4089 790 4142 139.
810 4072 864 4125 vid.
884 4071 1003 4134 Clinton‚
1018 4071 1089 4124 Fast.
1104 4073 1204 4125 Hellen.

156 4155 421 4303 Inl’mllidlllllillord,
436 4242 506 4295 Hier.
520 4242 554 4308 of
564 4243 666 4304 Greece,
680 4207 702 4295 c.
717 4243 753 4296 iii.
766 4243 837 4312 App.
962 4251 975 4278 ⁰
992 4241 1146 4312 Thucydi.
1163 4261 1203 4296 12.

192 4327 203 4357 ⁶
223 4327 344 4390 Mitford,
358 4336 377 4380 t.
390 4327 407 4379 i.
421 4347 448 4396 p.
462 4326 609 4397 169-173.
622 4336 676 4392 4to.
1124 4327 1127 4332 “
