2738 4866
226 325 289 388 132
440 323 602 407 Εαιυιρία,
616 343 684 407 ηυα
699 322 863 386 Honorum
876 323 1033 388 θοοῖαιαιιι
1121 345 1217 386 ossi.
1231 347 1270 388 αι.

402 480 430 534 ἐν
441 480 530 549 Λυκίη,
541 482 635 536 πάντες
647 481 684 543 δὲ,
697 481 771 536 θεοὺς
783 482 826 544 ὣς,
838 481 1011 550 εἰσορόωσιν;
1147 553 1149 556 Ι

402 567 443 620 καὶ
455 565 560 635 τέμενος
571 566 718 635 νεμόμεσθα
730 566 806 636 μέγα,
820 566 928 622 Ξάνθοιο
940 565 1000 637 παρ’
1013 565 1105 637 όχθας,

402 653 482 705 καλὸν
493 653 623 721 φυταλιῆς
635 652 676 704 καὶ
688 651 798 722 ἀροθρης
809 655 971 723 πυροφόροιο
980 675 992 717 ς

401 741 437 809 τῷ
450 740 495 792 νῦν
505 737 556 807 χρὴ
569 738 687 792 Λυκίοισι
698 739 763 807 μετὰ
774 740 916 805 πρώτοισιν
928 737 1017 816 ἐόντας

401 821 520 891 έστάμεν,
532 820 577 890 ἠδέ
589 823 673 892 μάχης
685 826 836 895 καυστειρῆς
844 823 1025 894 ἀντιβολῆσαι·

403 906 475 977 ὄφρα
486 929 524 964 τις
536 907 579 962 ὧδ’
592 907 650 976 είπη
664 908 762 963 Λυκίων
773 909 841 963 πάκα
852 911 1013 980 θωρηκτάων·

400 993 431 1046 οὗ
442 993 493 1062 μάν
503 993 606 1062 άκληιῐς
619 994 717 1050 Λυκίων
725 996 967 1067 κατακοιρανέουσιν

400 1078 518 1150 ἡμέτεροι
529 1083 664 1148 βασιλῆες,
678 1080 769 1135 ἔδουσί
779 1104 808 1136 τε
820 1083 896 1137 πίονα
907 1086 985 1151 μῆλα,

400 1161 470 1218 οἶνόν
477 1163 499 1219 τ’
511 1165 621 1232 ἔξαιτον,
633 1166 763 1235 μελιηδέα·
782 1165 841 1220 ἀλλ’
853 1167 903 1238 ἀρα
915 1169 956 1220 καὶ
967 1167 991 1223 is

399 1251 491 1319 έσθλι),
504 1251 559 1306 imi
572 1252 689 1306 Λυκίοισι
701 1253 765 1320 μετά
777 1256 904 1323 πρότοισι
914 1255 1049 1324 μάχονται.

398 1337 420 1393 ὃ
429 1337 521 1400 πέπον,
534 1337 557 1393 εί
567 1338 615 1407 μέν
625 1339 676 1408 γάρ
684 1341 801 1408 πόλεμον
810 1339 870 1408 περὶ
879 1339 952 1393 τόνδε
964 1341 1105 1410 φυγόντες,

397 1422 447 1475 αἰεί
458 1423 505 1492 μὲν
516 1422 658 1492 μελλοιμεν
668 1423 756 1495 ἀγήρω
768 1423 790 1478 τ’
802 1421 919 1478 ἀθανάτω
931 1446 959 1478 τε

370 1532 372 1536 ·
399 1507 522 1572 ἔσσεσθ,
535 1511 594 1562 οὔτε
606 1529 649 1563 κεν
660 1511 737 1565 αὐτὸς
748 1510 785 1563 ε’νλ
796 1513 924 1581 πράτοισι
934 1509 1072 1581 μαχοίμην,

374 1645 376 1651 .
397 1598 457 1649 οὔτε
469 1616 497 1649 κε
509 1594 541 1650 σὲ
552 1595 692 1665 στέλλοιμι
703 1596 788 1666 μάχην
800 1597 826 1652 ές
838 1598 1004 1667 κυδιάνειραν·

400 1682 445 1734 νῦν
456 1679 596 1750 δ’-έμπης
607 1681 658 1751 γάρ
671 1684 744 1751 κῆρες
755 1682 902 1752 ἐφεστᾶσιν
912 1680 1030 1736 θανάτοιο

397 1765 494 1834 μυρίαι,
507 1763 539 1820 ἀς
550 1766 598 1818 οὐκ
608 1767 667 1820 ἔστι
678 1760 774 1837 φυγεῖν
782 1768 888 1836 βροτὸν,
901 1765 954 1820 οὐδ’
966 1763 1133 1832 ὑπαλύξαι-

397 1850 477 1921 ίομεν·
496 1848 528 1920 ἦέ
537 1874 573 1926 τιρ
586 1850 662 1921 εὖχος
673 1852 804 1922 ὀρέξομεν,
817 1850 847 1920 ἠέ
858 1874 896 1908 τις
907 1850 975 1920 ἡμῖν.

272 1990 438 2070 Dixim‘us
456 2000 500 2070 de
515 2001 569 2084 iis,
588 2023 666 2090 quae
683 2000 852 2092 cupidum
866 1998 1048 2068 declarant
1065 1999 1268 2093 pugnandi:

220 2132 315 2180 nuno
342 2112 386 2181 de
416 2112 469 2193 iis,
495 2135 576 2202 quae
602 2114 758 2204 peritum
783 2121 947 2206 arguunt,
973 2134 1087 2202 pauca
1108 2107 1267 2201 quosdam

220 2224 345 2295 afferre
378 2226 503 2298 liceat:
548 2250 618 2296 non
653 2251 724 2321 quo
764 2229 924 2321 ignorem
957 2227 1111 2318 plurima
1144 2233 1268 2295 extare

219 2341 402 2431 ejusmodi,
432 2365 510 2442 quse
540 2343 600 2411 vix
627 2352 664 2412 et
694 2365 739 2411 ne
769 2333 830 2411 vix
861 2342 1005 2432 quidem
1031 2341 1110 2432 capi
1132 2341 1267 2432 possint

219 2454 264 2527 ab
291 2456 346 2526 his
376 2457 436 2549 qui
469 2481 563 2528 nuno
598 2466 681 2530 sunt
710 2457 922 2538 hominibus,
952 2464 1093 2529 mutata
1125 2457 1268 2547 penitus

219 2570 305 2641 belli
346 2573 492 2666 gerendi
534 2573 688 2644 ratione:
731 2559 935 2664 praesertim¹
972 2572 1000 2641 si
1043 2558 1185 2662 quibus,
1226 2580 1267 2639 ut

219 2697 378 2758 nostrum
400 2688 588 2780 plerisque,
606 2690 681 2757 vita
701 2689 851 2787 degatur
874 2687 1073 2757 umbratilis
1098 2695 1136 2759 et
1162 2685 1267 2778 plane

220 2804 342 2877 otiosa.
395 2803 468 2875 Sed
485 2812 606 2875 tamen
630 2827 701 2875 non
725 2811 801 2873 erat
827 2804 1046 2872 omittendus
1064 2801 1126 2871 ille
1147 2801 1264 2871 loeus:

219 2918 257 2988 id
273 2921 380 2991 modo
400 2921 509 3013 probe
527 2922 678 2992 teneatis
696 2921 813 3002 velim,
831 2919 946 2988 multo
970 2918 1072 3010 plura
1093 2918 1130 2987 id
1154 2919 1266 3015 genus

218 3032 340 3116 latere,
357 3057 464 3126 quam
484 3057 562 3126 quae
587 3058 610 3104 a
630 3035 842 3107 doctissimis
866 3035 1000 3104 nedum
1025 3055 1047 3106 a
1071 3033 1174 3106 nobis
1199 3032 1265 3105 hoo

220 3156 381 3241 tempore
397 3151 535 3241 possint
552 3151 644 3222 erui·

270 3261 394 3335 Unum
407 3264 630 3356 alterumque
644 3264 757 3355 pn'mo
770 3263 998 3354 proferamus,
1009 3285 1090 3354 quae
1103 3285 1188 3333 oum
1200 3284 1265 3331 usu

218 3378 269 3446 rei
298 3379 460 3451 militaris
488 3381 671 3473 egregium
698 3378 840 3469 aliquod
867 3379 1085 3473 conjungant
1113 3377 1265 3449 Poeseos

220 3490 352 3560 lumen.
405 3491 491 3563 Non
514 3493 730 3585 splendidior
747 3501 812 3572 est,
830 3516 937 3590 quem
954 3494 1081 3576 verior,
1097 3491 1265 3565 Hectoris

218 3607 335 3700 imago
351 3615 487 3679 turmas
503 3631 647 3680 suorum
664 3603 864 3678 obeuntis:

354 3828 355 3831 ,
394 3773 448 3832 οἶος
460 3775 482 3829 δ’
495 3777 523 3831 ἐκ
535 3775 633 3846 νεφέων
645 3775 811 3847 ἀναφαίνεται
823 3777 910 3830 οὔλιος
922 3773 1016 3843 ἀστὴρ,

394 3862 557 3932 παμφαίνων,
568 3865 627 3917 τότε
640 3860 661 3914 δ’
674 3859 745 3916 αὖτις
756 3861 801 3914 ἔδυ
813 3859 893 3930 νέφεα
902 3861 1030 3913 σκιόεντα·

395 3948 429 4002 ὣς
435 3946 539 4019 Ἕκτωρ
551 3948 593 4001 ὁτὲ
605 3946 653 4016 μέν
663 3968 692 3999 τε
703 3946 767 4014 μετὰ
778 3948 905 4014 πρώτοισι
916 3944 1055 4014 φάνεσκεν,

395 4031 491 4086 ἄλλοτε
504 4033 525 4086 δ’
539 4033 566 4087 ἐν
576 4033 726 4101 πυμάτοισι,
739 4029 856 4085 κελεύων·
875 4032 925 4085 πᾶς
937 4028 959 4083 δ’
971 4028 1021 4098 ἄρα
1032 4030 1124 4100 χαλκῷ

393 4118 487 4188 λάμφ’,
500 4121 568 4174 ὥστε
581 4118 696 4189 στεροπὴ
708 4119 806 4187 πατρὸς
818 4118 879 4172 Διὸς
891 4116 1028 4186 αἰγιόχοιο.

658 4301 666 4338 i
685 4301 717 4356 11.
730 4301 766 4354 xi.
779 4301 823 4354 62.
