2738 4866
156 333 221 400 266
300 334 589 416 Hmncrmesortwo
603 331 846 396 Heraclidem
860 331 1009 416 mquobs:
1033 351 1130 392 essu.
1143 352 1203 391 xvi.

158 526 213 573 res
232 503 357 582 valeat,
375 502 528 593 judicari
546 509 664 593 potest
681 523 727 570 ex
745 523 811 570 usu
828 501 1061 593 plurimorum
1082 499 1206 570 Poeta·

159 639 260 699 rum;
296 615 389 706 apud
416 636 503 705 quos
528 613 616 682 nihil
647 613 835 696 solennius,
864 637 971 705 quam
1000 625 1042 683 ut
1072 624 1206 683 veteres

159 732 329 800 inducant
346 730 578 799 vaticinantes
591 737 629 797 et
646 727 787 798 oracula
800 728 1029 820 proferentes,
1043 714 1207 798 derebus

160 848 325 938 ipsorum,
343 845 404 934 qui
422 844 591 925 scribunt,
604 853 765 935 tempore
783 843 922 913 futuris.
975 843 1207 914 Nobilissima

160 971 244 1031 sunt
267 958 424 1050 AEsehyli
451 967 558 1048 atque
582 958 724 1028 Pindari
750 957 933 1051 exempla:
959 960 1020 1048 qui
1039 982 1111 1050 quo
1132 981 1205 1048 pro-

160 1077 240 1166 pius
267 1073 440 1143 Nostrum
467 1081 572 1141 aetate
597 1095 639 1142 ac
664 1074 779 1163 patria
808 1073 997 1164 attingant,
1024 1096 1069 1142 eo
1099 1073 1209 1164 magis

160 1192 309 1260 miretur
333 1188 468 1279 aliquis,
495 1189 636 1278 penitus
662 1188 774 1257 ferme
800 1209 919 1257 carere
944 1209 1028 1256 eum
1061 1188 1208 1256 artificio

162 1302 218 1391 (ut
251 1305 302 1372 ita
331 1304 461 1393 dicam)
496 1302 647 1392 poetico,
682 1325 752 1391 quo
786 1300 837 1370 illi
873 1310 1060 1392 tantopere
1096 1300 1210 1370 deleo-

162 1417 339 1486 tabantur.

213 1530 335 1599 Multa
351 1538 522 1621 praeterea
539 1533 715 1624 congessit
733 1532 952 1613 Mitfordius,
970 1555 1048 1622 quae
1065 1532 1210 1600 minime

162 1642 304 1712 silentio
321 1652 422 1712 erant
439 1646 692 1734 praetereunda,
710 1646 740 1714 si
756 1645 863 1714 modo
886 1645 1098 1715 cecidissent
1121 1645 1212 1713 intra

164 1756 375 1827 Homericos
392 1759 573 1828 terminos.
631 1759 767 1828 Eadem
785 1760 905 1850 itaque
923 1759 1108 1850 praeterita
1124 1757 1211 1827 Poe-

164 1879 236 1941 tam
264 1883 418 1965 arguunt
436 1874 677 1954 vetustiorem,
695 1896 802 1964 quam
829 1881 870 1942 ut
896 1878 1027 1942 eorum'
1045 1872 1209 1942 notitiam

164 1985 319 2076 aliquam
336 1985 476 2055 habeat.

215 2100 335 2171 Etiam
352 2123 398 2170 ex
417 2099 601 2181 Strabone,
619 2102 657 2169 ni
674 2101 786 2182 fallor,
800 2102 895 2172 haud
913 2125 1028 2192 pauca
1039 2100 1210 2193 ejusmodi

165 2215 310 2308 colliget
335 2224 479 2306 apertus
508 2223 616 2306 atque
646 2238 728 2284 acer
756 2219 891 2286 oculus
944 2215 1059 2286 Verbi
1091 2237 1210 2286 causa:

165 2353 251 2422 quas
280 2329 341 2398 ille
371 2328 512 2399 AEtoliae
541 2331 647 2399 urbes
675 2330 721 2399 ab
750 2329 951 2400 Heraclidis
985 2331 1131 2400 initium
1163 2329 1210 2398 ait

165 2445 356 2526 habuisse&
384 2445 429 2513 de
458 2445 501 2514 iis
526 2445 638 2514 ferme
663 2446 746 2514 solis
767 2453 907 2514 tacetur
930 2446 968 2514 in
993 2444 1209 2537 amplissimo

168 2560 288 2628 Poetae
306 2557 489 2650 Catalogo.
540 2559 564 2627 J
566 2582 624 2628 am
639 2559 768 2630 Strabo
781 2558 994 2640 Homerum,
1013 2560 1126 2628 veluti
1143 2581 1212 2627 cer-

167 2675 343 2743 tissimum
369 2673 532 2754 indicem,
555 2675 660 2764 plane
681 2698 718 2744 se
742 2674 906 2764 prosequi
925 2671 1105 2745 testaturf
1126 2676 1211 2744 circa

168 2809 246 2856 oras
276 2808 399 2855 omnes
425 2796 462 2855 et
488 2785 594 2857 litora
620 2788 778 2858 Graeciae.
831 2788 928 2871 Quin
957 2811 1003 2857 ex
1035 2788 1149 2857 Iliade
1177 2795 1211 2855 et

168 2904 338 2993 Odysseia
372 2900 527 2971 locorum
565 2904 804 2995 cognitionem
840 2905 928 2972 adeo
962 2902 1108 2994 plenam
1141 2903 1210 2971 erui

165 3039 269 3107 posse
286 3024 416 3096 censet,
434 3024 476 3084 ut
493 3038 548 3084 res
565 3015 754 3106 aliquando
775 3019 812 3084 in
831 3016 979 3085 dubium
1003 3016 1210 3086 revocandas

167 3130 304 3211 doceat,
322 3138 464 3200 tantum
481 3138 626 3220 propter
644 3129 793 3200 Homeri
811 3130 1004 3199 silentium.

218 3245 328 3313 Porro
346 3245 554 3314 crediderim
576 3245 702 3313 eodem
723 3246 911 3337 pertinere,
929 3267 1010 3335 quae
1029 3245 1096 3313 sub
1114 3244 1207 3312 initio

169 3359 368 3428 duodecimi
387 3358 507 3428 Iliadis
530 3359 609 3427 libri
635 3359 812 3429 habentur
832 3360 876 3429 de
902 3359 1026 3427 castris
1050 3370 1088 3427 et
1111 3380 1206 3450 agge-

169 3474 265 3543 ribus
283 3474 480 3553 Graiorum‚
498 3474 603 3565 plane
621 3474 755 3543 obrutis
773 3497 814 3543 ac
832 3473 1036 3563 deperditis.

309 3615 381 3687 όφρο
391 3615 547 3686 μὲνἝκτωρ
560 3619 623 3682 ζωὸς
635 3617 687 3683 ἔην,
700 3617 742 3669 καὶ
753 3615 819 3684 μήνι’
831 3615 979 3683 Ἀχιλλεὺς,

310 3705 350 3755 καὶ
363 3691 491 3773 Πριάμοιο
503 3704 611 3758 ἄνακτος
622 3702 767 3771 cooptarer
778 3704 856 3757 πόλις
866 3703 939 3762 ἕπλε,

309 3790 396 3857 τόφρα
408 3787 436 3841 δὲ
449 3788 489 3839 καὶ
501 3788 568 3858 μέγα
580 3791 665 3858 τεῖχος
675 3787 788 3857 Ἀχαιῶν
800 3788 910 3856 ἔμπεδον
921 3788 973 3854 όεν.

310 3874 389 3943 αὐτὰρ
402 3873 457 3927 ἐπεὶ
469 3874 532 3927 κατὰ
543 3874 590 3942 μὲν
602 3876 695 3942 Τρώων
707 3875 783 3928 θάνον
795 3872 875 3928 ὅσσοι
888 3873 1012 3941 όριστοι,.
1023 3912 1028 3926 .
1041 3911 1047 3924 .
1059 3913 1064 3925 .

310 3959 419 4027 πέρθετο
432 3959 459 4011 δὲ
473 3960 600 4027 Πριάμοιο
611 3961 697 4014 πόλις.
708 4000 714 4013 .
727 3999 750 4012 ..
762 3999 768 4012 .
779 4000 785 4013 .
797 4000 820 4013 ..

311 4044 341 4111 δὴ
354 4046 412 4107 τότε
423 4046 563 4112 μητιόωντο
576 4044 728 4098 Ποσειδάων
740 4045 781 4096 καὶ
792 4043 930 4097 Ἀπόλλων

310 4131 394 4197 τεῖχος
405 4128 507 4197 όμαλδῦ
508 4153 890 4185 ......................

241 4319 253 4345 ²
273 4311 331 4364 Lib.
345 4330 370 4371 a.
385 4308 409 4363 6.
706 4312 714 4342 ¹
731 4312 798 4380 lig.
815 4327 880 4372 1.1;
899 4309 953 4363 viii.
972 4326 993 4361 1.
1011 4325 1041 4370 1;
1061 4325 1089 4378 3.
1103 4324 1144 4378 ²3·
