2738 4866
165 341 257 383 rann.
274 341 330 382 xn.
353 319 467 384 Multis
481 320 575 384 modis
588 319 632 384 itt
646 322 758 385 tentori
779 322 896 405 thue
909 325 1114 387 condentium.
1145 326 1208 393 195

210 493 304 565 Haec
339 493 419 563 ideo
454 495 702 586 congessimus
733 494 949 576 Academici,
981 519 1050 585 quo
1080 496 1208 566 clarius

165 610 267 679 lieret
292 610 483 679 acutissimi
506 607 629 681 Poetae
655 609 851 692 consilium,
869 611 1111 681 adumbrantis
1137 636 1208 682 non

165 729 240 797 sine
258 727 529 817 reprehensione
547 727 698 817 quadam
716 736 953 817 quaestnosam
971 726 1067 796 illam
1086 729 1206 807 vitam,

164 840 377 934 languidam,
395 843 588 924 imbellem,
607 866 678 910 uno
696 865 833 933 semper
850 851 974 910 tenore
992 851 1131 912 actam:
1159 844 1209 912 ita

163 968 296 1038 tamen,
324 967 365 1027 ut
395 958 520 1051 pelago
548 958 678 1028 fessum
710 968 747 1027 et
777 958 941 1049 periculis
970 968 1131 1028 moneret
1167 982 1208 1027 ea

163 1073 277 1143 indies
295 1082 445 1165 speratae
463 1076 598 1144 domus.

214 1301 346 1396 Neque
363 1325 446 1374 vero
468 1301 526 1374 hic
548 1305 674 1374 desunt
698 1302 851 1387 omnino,
870 1326 946 1395 quae
964 1287 1105 1374 tentent
1129 1308 1208 1397 pro-

163 1420 322 1512 bentque
349 1422 473 1513 patriae
503 1444 544 1490 ac
574 1421 733 1513 conjugis
765 1429 957 1503 amantem,
992 1423 1061 1490 fide
1096 1423 1208 1491 incor-

162 1547 278 1628 rupta,
295 1538 464 1629 propositi
481 1537 570 1606 recti
584 1546 757 1607 tenacem.
792 1536 846 1606 Ut
862 1539 957 1606 enim
971 1538 1015 1607 de
1031 1535 1209 1608 Nausicaa

162 1663 311 1736 taceam,
339 1655 439 1744 cujus
464 1674 612 1745 persona
640 1653 727 1722 nihil
758 1676 906 1744 usquam
936 1663 998 1723 aut
1027 1656 1208 1723 venustius

162 1770 272 1840 habet
289 1782 350 1840 aut
363 1768 555 1862 pudentius
570 1777 729 1839 vetemm
744 1768 864 1839 Poesis
874 1792 1040 1860 z-quam
1054 1768 1207 1861 quidem,

162 1888 237 1958 viso
255 1886 375 1957 divino
400 1886 553 1968 homine,
571 1910 642 1955 uon
665 1885 792 1956 leviter
808 1887 942 1954 moveri
959 1894 1112 1956 testatur
1130 1886 1209 1956 dul-

163 2001 344 2070 cissimum
362 2000 450 2070 illud
469 2011 488 2040 ‘⁶
500 1998 639 2084 valek;’'

306 2178 329 2192 ..
341 2179 346 2191 .
358 2134 508 2192 ,Ναυσικάα
521 2138 557 2201 δὲ,
570 2137 635 2191 θεῶν
646 2134 696 2190 άπὸ
709 2133 805 2192 κάλλος
816 2134 924 2206 ἔχουσα,

212 2246 220 2255 ¹
303 2226 352 2292 στῆ
364 2223 398 2295 ῥα
409 2225 479 2296 παρὰ
491 2224 608 2291 σταθμὸν
618 2223 707 2295 τέγεος
718 2218 785 2276 πύκα
797 2227 921 2292 ποιητοῖο,

305 2307 431 2379 θαύμαζεν
442 2310 464 2364 δ’
477 2309 593 2379 Ὀδυσῆα
605 2311 632 2364 ἐν
644 2307 822 2379 ὀφθαλμοῖσιν
834 2311 932 2380 άρῶσα,

303 2397 345 2449 καί
355 2418 399 2465 μιν
411 2391 548 2467 φωνῆσασ’
559 2394 621 2450 ἔπεα
629 2395 769 2465 πτερόεντα
781 2392 925 2466 προσηύδα·

302 2485 387 2552 χαῖρε,
399 2481 469 2550 ξεῖν’·
488 2481 529 2537 ἵνα
540 2483 582 2536 καὶ
593 2481 650 2536 ποτ’
664 2474 716 2536 ε’ὼν
724 2483 751 2537 έν
763 2482 866 2552 πατρίδι
878 2484 937 2553 γαίη

301 2569 386 2640 μνηση
399 2569 469 2641 ἐμεΐ,
483 2569 523 2624 ὅτι
534 2593 578 2640 μοι
589 2572 676 2641 πρώτη
690 2568 789 2641 ζωάγρι’
803 2571 935 2641 ὀφελλεις·

160 2691 235 2760 haec
259 2691 330 2772 illa,
353 2701 542 2784 postquam
566 2693 705 2763 disertis
723 2695 837 2762 verbis
863 2717 940 2762 eam
965 2694 1074 2762 semel
1100 2703 1208 2784 atque

160 2809 292 2877 iterum
323 2806 441 2901 Ulyssi
468 2809 647 2900 pollicitus
672 2818 749 2878 erat
775 2817 877 2900 pater
902 2809 1074 2878 Alcinous
1085 2810 1208 2878 t-sed

159 2932 201 2992 ut
220 2925 265 2994 de
281 2923 458 2995 Nausicaa
470 2933 618 3008 taceam,
636 2927 710 3017 ipse
723 2925 907 3006 Alcinous,
922 2949 1027 3016 quam
1045 2925 1207 3018 benigne,

156 3062 264 3131 quam
282 3043 445 3124 suaviter,
463 3066 570 3133 quam
587 3045 755 3113 decenter
768 3037 919 3112 omnia¹l

300 3176 327 3231 αἳ
337 3179 397 3250 γάρ,
410 3183 458 3232 Ζεῦ
470 3201 498 3232 τε
509 3178 599 3248 πάτερ,
613 3179 654 3232 καὶ
665 3178 796 3246 Ἀθηναίη,
809 3176 1002 3241 κοὶἊπολλον,

300 3267 369 3320 τοῖος
381 3264 438 3328 ε’ὼν,
451 3261 504 3320 οἶός
516 3264 587 3327 ε’σσι,
599 3263 631 3317 τά
643 3287 671 3317 τε
683 3263 810 3334 φρονέων,
824 3265 849 3326 ά,
862 3263 883 3316 τ’
898 3263 947 3333 ἐγώ
960 3284 1018 3333 περ,

300 3351 379 3405 παῖδα
391 3350 413 3405 τ’
427 3351 488 3421 ε’μὴν
500 3351 600 3421 ἐχέμεν,
613 3351 654 3404 καὶ
666 3351 726 3421 ε’μδς
737 3353 855 3421 γαμβρὸς
867 3349 1007 3404 καλέεσθαι

202 3430 205 3434 ⁸
268 3459 271 3464 ·
301 3436 359 3491 αὖθι
371 3437 461 3507 μένων·
480 3437 550 3492 οἶκον
563 3439 590 3491 δὲ
602 3437 624 3491 τ’
638 3439 689 3509 ἐγὼ
702 3438 742 3491 καὶ
755 3437 868 3506 κτήματα
880 3437 960 3503 δοίην,

300 3525 323 3578 εἰ
334 3524 355 3579 κ’
369 3524 467 3580 ε’θέλινν
478 3548 508 3596 γε
520 3525 613 3595 μένοις·
633 3524 739 3580 ἀέκοντα
751 3523 778 3578 δι’
792 3523 817 3579 σ’
831 3527 900 3579 οὔτις
912 3522 996 3594 ἐρύξει

300 3611 423 3679 Φαιήκων·
442 3612 477 3681 μὴ
489 3616 565 3666 τοῦτο
577 3613 659 3682 φίλον
671 3610 715 3665 Διῒ
725 3612 803 3683 πατρὶ
815 3610 925 3682 γένοιτο.

208 3726 333 3818 Atque
358 3728 466 3797 etiam
492 3750 584 3797 uuus
608 3728 767 3796 omnium
795 3727 1022 3795 convivarum
1050 3728 1207 3796 animad-

157 3841 267 3910 vertit
294 3841 459 3936 Ulyssem
484 3844 593 3913 tacite
619 3842 713 3924 llere,
742 3843 881 3934 quoties
908 3842 952 3911 de
980 3842 1047 3911 Ilio
1071 3845 1211 3912 cantari
1303 3925 1312 3933 ν

155 3957 329 4028 audiatm:
1225 3973 1227 3976 ’

300 4092 349 4148 ἐνθ’
361 4093 459 4149 άλλοδς
470 4095 517 4163 μὲν
529 4093 625 4150 πάντας
636 4093 760 4149 ἐλάνθανε
772 4092 868 4166 δάκρυα
879 4093 984 4158 λείβων,

298 4179 430 4236 ’Λλκίνοος
442 4180 468 4235 δέ
481 4203 525 4250 μιν
536 4177 589 4238 οἶος
601 4181 762 4252 ἐπέφρασοτ’
776 4178 814 4249 ἥδ’
828 4181 945 4248 ε’νόησεν,

264 4321 278 4358 ¹¹
298 4322 352 4377 0d.
365 4321 418 4378 viii.
432 4337 492 4393 457.
638 4324 647 4361 1
664 4324 708 4378 vii.
722 4341 784 4395 311.
933 4333 950 4355 ¹²¹
968 4325 1021 4379 viii.
1035 4338 1096 4394 532.

652 4421 715 4483 02
