2738 4866
218 319 260 377 10
377 318 485 380 Poesia
501 316 706 381 laborantibus
719 319 831 381 animis
837 321 910 402 foro
923 316 1076 388 subsidio,-
1138 340 1234 381 enan.
1248 340 1269 380 1.

217 483 371 552 efferatis
389 485 663 566 conveniebaut3
686 494 726 552 ut
740 484 905 574 quicquid
925 487 960 553 in
980 494 1136 554 mentem
1152 486 1266 553 venis-

217 607 282 680 set,
294 600 329 667 id
341 600 501 690 protinus
512 623 652 690 quoquo
663 601 779 681 modo,
789 600 985 669 belluarum
998 602 1109 669 ferme
1120 600 1263 681 similes,

216 737 297 781 cum
321 716 503 783 incondito
525 715 679 783 clamore
705 715 862 784 ederent.
915 715 1053 797 Manet,
1072 717 1188 796 credo,
1207 715 1264 785 vel

215 829 251 896 in
269 830 514 919 perditissimis
530 830 665 899 altioris
678 829 810 918 aliquid
825 838 863 899 et
875 832 987 922 magis
1000 830 1154 923 ingenui,
1169 831 1263 920 quod

215 941 367 1030 plurima
400 946 551 1014 tacenda
585 953 751 1026 moneat3
792 945 849 1012 cui
885 946 912 1013 si
948 945 1043 1012 dicto
1078 944 1263 1013 audientes

215 1067 328 1138 erunt,
363 1060 587 1127 moriendum
618 1059 682 1126 sibi
718 1059 836 1148 potius
872 1061 1012 1139 ducent,
1048 1081 1164 1148 quarn,
1192 1080 1262 1147 quo

214 1173 321 1240 modo
331 1173 427 1242 intus
438 1182 660 1255 moveantur,
672 1172 787 1264 palam
803 1183 911 1264 atque
925 1182 1047 1263 aperte
1061 1174 1261 1242 dicendum.

214 1286 309 1355 lllud
337 1288 445 1356 etiarn
470 1288 751 1356 animadvertere
773 1288 867 1369 licet,
889 1311 1026 1356 summa
1049 1290 1262 1357 verecundia

213 1402 374 1470 homines
392 1403 579 1492 saepissime
593 1403 648 1471 his
661 1403 814 1472 stimulis
831 1403 1001 1472 obnoxios
1014 1404 1173 1484 inveniri,
1188 1427 1262 1472 arn-

212 1517 356 1584 bitionis
391 1519 480 1596 dico,
511 1517 738 1608 aegritudinis,
769 1518 941 1598 desiderii,
973 1526 1010 1586 et
1040 1520 1141 1608 siqua
1170 1519 1262 1609 ejus-

211 1634 308 1700 modi
327 1633 493 1701 mortales
511 1634 689 1702 cruciant:
716 1634 847 1723 quippe
864 1635 924 1723 qui
943 1635 1069 1714 omnia,
1087 1635 1259 1725 pudorem

211 1769 362 1836 quoque,
380 1749 484 1816 nimis
502 1747 665 1816 alacriter
678 1771 718 1816 ac
733 1749 850 1831 vivide
864 1750 1038 1818 sentiant:
1065 1752 1258 1839 praesertim

211 1862 302 1952 siqui
325 1865 431 1932 “vita
457 1864 611 1954 ingenua
636 1864 671 1930 in
699 1863 803 1931 beata
824 1864 969 1932 civitate
991 1873 1028 1931 et
1049 1862 1160 1933 libera
1182 1867 1259 1934 vix-

211 1985 316 2044 erunt
329 1976 359 2052 ;’'
394 1998 483 2066 quos
510 1985 665 2044 “omnes
696 1976 769 2044 fere
795 1978 972 2045 teneriore
1003 1999 1078 2046 esse
1108 1979 1258 2060 auim0‚'’

211 2091 392 2159 verissime
408 2114 429 2158 a
446 2089 619 2158 Cicerone
637 2100 691 2159 est
709 2091 881 2160 traditum
889 2099 914 2162 ἃ.

261 2205 319 2274 Ita
332 2207 383 2288 lit,
402 2215 443 2274 ut
461 2229 610 2296 quorum
624 2228 670 2274 ex
684 2228 749 2273 usu
764 2206 855 2274 foret
866 2207 1033 2286 maximo,
1052 2230 1140 2275 onus
1158 2211 1257 2297 quasi

210 2318 353 2387 fatendo
381 2319 566 2410 deponere,
593 2319 617 2385 ii
645 2320 778 2409 pudore
802 2320 955 2408 quodam
979 2321 1124 2388 minime
1149 2323 1257 2403 malo,

209 2435 270 2502 sed
305 2436 459 2526 ingenuo
494 2455 534 2501 ac
568 2435 700 2514 nativo,
731 2433 922 2522 quidquam
952 2435 1095 2502 omnino
1126 2437 1255 2524 profari

209 2558 385 2617 vetentur.
438 2548 533 2630 Quid
568 2547 725 2616 faciant?
761 2547 878 2635 eloqui
912 2549 1034 2638 pudet,
1058 2550 1256 2640 ,pigetque3

208 2664 318 2743 taciti,
345 2671 466 2731 mente
497 2662 687 2730 consistere
714 2671 917 2750 nequeunt;
948 2665 1116 2753 quosdam
1145 2667 1254 2735 etiam

208 2779 377 2847 insanisse
395 2778 605 2846 audivimus,

260 2892 345 2961 Non
374 2893 419 2961 ab
446 2892 500 2961 his
531 2891 636 2984 louge
667 2892 813 2972 diversa,
836 2914 951 2981 neque
980 2901 1101 2962 tamen
1128 2895 1253 2964 eadem

208 3006 311 3097 plane
332 3007 473 3075 videtur
496 3028 571 3075 esse
598 3005 740 3073 illorum
768 3007 867 3104 ratio,
894 3008 1030 3096 quibus,
1056 3009 1154 3078 velut
1171 3010 1253 3080 Vir-

206 3122 336 3214 giliauo
354 3120 405 3188 illi
418 3120 553 3210 juveni,

417 3253 598 3324 —aliquid
608 3254 769 3324 jamdudum
781 3255 905 3309 invadere
917 3275 1046 3326 magnum

417 3341 497 3393 Mens
510 3341 601 3410 agitat.

207 3457 381 3548 Magnum
406 3454 548 3544 aliquid,
570 3455 631 3522 sed
652 3454 827 3523 incertum
853 3467 960 3544 atque
984 3456 1168 3538 fluctuans,
1190 3459 1251 3527 sed

204 3574 317 3664 figura
347 3592 410 3639 sua
438 3591 479 3637 ac
507 3568 732 3637 lineamentis
762 3572 920 3638 nondum
947 3572 1030 3639 satis
1057 3572 1250 3661 expletum,

205 3689 348 3756 indicat.
401 3683 482 3751 Hoc
506 3683 610 3773 quale
638 3685 696 3765 sit,
721 3694 852 3752 norunt
879 3707 1011 3765 omnes,
1034 3686 1170 3779 quibus,
1189 3688 1250 3756 ali-

205 3802 343 3893 quando
378 3799 593 3888 obstupuere
627 3799 746 3877 animi,
775 3799 859 3865 dum
891 3810 953 3867 aut
983 3823 1100 3869 rerum
1128 3801 1252 3871 huma-

204 3940 327 3986 narum
356 3915 461 3994 vices,
489 3922 551 3981 aut
578 3913 702 3980 muudi
731 3914 930 3982 mirandum
958 3913 1052 3983 hunc
1080 3918 1251 4002 ordinem,

203 4041 265 4100 aut
289 4028 440 4116 denique
464 4028 718 4095 sanctissimam
744 4025 843 4094 illam
864 4050 956 4095 verae
980 4038 1017 4097 et
1038 4030 1165 4099 divinae
1184 4032 1251 4098 vir-

202 4147 290 4214 tutis
308 4142 461 4233 effigiem
479 4140 585 4230 paulo
603 4142 696 4210 forte
714 4142 888 4210 attentius
906 4152 1119 4233 spectarent.

554 4309 568 4337 ²
580 4300 667 4370 Epist.
680 4301 714 4355 ad
728 4303 791 4356 Div.
804 4303 839 4354 V.
854 4319 896 4355 21.
