2738 4866
159 369 250 410 rann.
265 369 322 410 xn.
339 353 502 431 propterca
516 343 597 429 quod
607 342 868 430 pullicoefucriat
889 344 1006 428 Ulyssis
1019 365 1094 430 opos
1140 348 1204 410 203

157 517 208 585 καὶ
235 515 585 612 παραφυλαττομένου
609 511 672 583 ὑπὸ
699 519 760 583 τοῦ
787 511 1005 597 Ποσειδῶνος,
1027 514 1079 583 καὶ
1105 514 1205 596 μόνον

157 633 261 713 ὄντος,
280 633 330 700 ἐτὶ
350 630 384 700 δὲ
400 636 465 701 τῶν
483 631 565 699 οἴκοι
584 629 684 709 οὕτως
701 628 855 724 ἐχόντων,
873 626 962 699 ὥστε
978 627 1022 699 τὰ
1046 633 1204 726 χρήματα

155 746 219 816 ὑπὸ
236 751 430 840 μνηστήρων
444 745 691 827 ἀναλίσκεσθαι,
704 743 755 812 καὶ
773 740 833 812 τὸν
846 742 912 813 υἱὸν
925 745 1204 830 ἐπιβουλεύεσθαι,

156 861 254 936 αὐτὸς
276 863 462 958 ἀφικνεῖται
488 860 688 956 χειμασθεῖς,
706 858 758 928 καὶ
784 859 1008 956 ἁναγνωρίσας
1033 858 1133 942 τινὰς,
1152 862 1206 931 url-

155 987 226 1051 τοῖς
253 977 449 1058 ἐπιθέμενος,
480 973 577 1051 αὐτὸς
603 973 661 1056 μὲν
692 977 807 1057 ἐσώθη,
837 973 913 1050 τοὺς
941 974 967 1045 δ’
996 975 1132 1073 ἐχθροὺς
1161 976 1206 1047 δι-

155 1094 302 1190 έφθειρε.
327 1091 370 1162 τὸ
387 1090 444 1174 μὲν
462 1091 515 1162 οὖν
531 1090 613 1161 idrov
629 1097 744 1161 τοῦτο·
771 1089 816 1161 τὰ
839 1089 865 1160 d'
885 1090 986 1175 ἄλλα,
1004 1091 1181 1162 &crucilia

208 1209 291 1292 Sed,
309 1232 396 1300 paco
413 1209 504 1277 tanti
524 1208 588 1275 viri
606 1207 768 1286 dixerim,
786 1230 858 1276 non
877 1207 1047 1277 debuerat
1064 1208 1204 1280 silentio

156 1325 348 1416 praeterire,
366 1324 403 1392 id
421 1323 515 1413 quod
533 1344 645 1390 unum
659 1324 819 1391 omnium
832 1325 987 1392 maxime
1004 1323 1205 1414 pertinebat

157 1449 235 1510 tum
263 1440 307 1508 ad
326 1441 512 1508 veritatem
538 1438 668 1507 fabulae
686 1447 764 1507 tum
790 1438 835 1506 ad
858 1438 1091 1530 dignitatem:
1119 1439 1205 1509 Non

156 1557 201 1625 de
218 1556 344 1647 quovis
361 1554 505 1624 homine
522 1554 653 1622 narrari
672 1554 816 1645 injurias
834 1553 928 1634 istas,
947 1555 1111 1636 reditum,
1131 1557 1205 1624 vin-

157 1673 302 1754 dictam,
320 1694 442 1740 verum
461 1671 505 1739 de
524 1670 634 1762 Rege,
653 1668 715 1738 tali
735 1669 881 1751 scilicet,
896 1669 1016 1760 quales
1030 1680 1205 1741 noverunt

158 1787 321 1856 Heroum
339 1786 475 1855 saecula.
528 1786 598 1868 Qui
617 1808 698 1854 cum
717 1783 810 1854 esset
829 1785 948 1854 divino
959 1786 1111 1877 quodam
1123 1787 1205 1877 jure

157 1910 277 1993 pastor
311 1925 351 1971 ac
379 1925 505 1993 parens
535 1902 688 1970 universi
714 1902 846 1992 populi,
874 1925 916 1970 eo
942 1910 979 1969 et
1010 1902 1205 1993 periculum

157 2020 298 2112 gravius
325 2027 362 2086 et
387 2017 592 2110 flagrantius
619 2026 694 2085 erat
719 2016 901 2100 delictum,
922 2018 949 2086 si
973 2019 1050 2108 quis
1077 2041 1120 2088 eo
1146 2018 1208 2088 ab·

157 2141 269 2215 sente,
304 2134 498 2224 praesertim
532 2133 625 2200 circa
658 2131 800 2223 publica
834 2134 1029 2215 commoda,
1060 2133 1206 2203 domum

157 2250 233 2341 ejus
256 2249 434 2328 invaserit,
455 2247 626 2317 familiam
651 2249 855 2338 corruperit,
878 2248 1065 2319 facultates
1091 2273 1154 2321 seu
1172 2251 1206 2318 vi

157 2365 230 2434 sive
249 2363 331 2433 dolo
350 2364 529 2432 minuerit.

208 2480 354 2548 Etenim
384 2480 493 2570 probe
523 2479 717 2548 tenendum
753 2487 817 2561 est,
853 2502 898 2548 ex
928 2488 1047 2550 vetere
1077 2480 1139 2550 illa
1168 2489 1206 2550 et

158 2595 417 2687 simplicissima
433 2592 538 2687 regiae
554 2593 740 2684 potestatis
756 2592 917 2675 formula,
931 2594 975 2663 ad
991 2595 1102 2686 ipsam
1116 2618 1207 2664 rem-

158 2710 339 2801 publicam
353 2710 529 2800 pertincre
542 2708 634 2800 regis
647 2730 745 2799 opes:
764 2732 833 2778 non
849 2709 916 2778 alia
930 2710 1076 2791 ratione,
1091 2710 1205 2792 credo,

157 2834 266 2918 atque
292 2827 386 2916 apud
416 2823 614 2916 aborigines
644 2822 839 2905 Celtarum,
870 2846 1019 2916 quorum
1048 2826 1206 2917 quisquis

157 2949 235 3011 erat
252 2941 334 3032 jure
356 2941 471 3032 patrio
489 2938 644 3031 regulus,
662 2940 737 3030 ejus
762 2963 808 3009 ex
831 2941 933 3033 agris,
951 2941 1098 3031 pascuis,
1117 2941 1207 3011 cella

157 3059 310 3149 penaria,
337 3065 505 3148 tanquam
534 3054 613 3146 lege
642 3065 872 3139 sacrosancta,
898 3056 1106 3147 excipienda
1131 3066 1206 3127 erat

157 3171 312 3263 hospitio
342 3172 442 3264 plebs
476 3171 649 3240 universa.
702 3170 909 3262 Cujusmodi
940 3172 1028 3241 ritus
1056 3174 1207 3265 vestigia

157 3311 230 3357 non
256 3289 348 3359 levia
373 3284 599 3359 servaverunt
621 3309 699 3377 quae
718 3289 756 3357 in
776 3289 852 3379 ipso
870 3287 937 3357 hoc
955 3291 1111 3358 carmine
1128 3313 1207 3359 nar-

156 3404 346 3473 ranturde
371 3426 493 3473 mensa
515 3412 623 3496 atque
649 3404 763 3496 epulis
780 3402 935 3487 Alcinoi,
954 3428 1023 3496 quo
1041 3406 1207 3475 videntur

156 3519 374 3589 concurrisse
400 3518 512 3589 indies
537 3523 707 3612 primores
732 3520 851 3611 populi
874 3521 919 3589 ad
940 3545 1051 3590 unum
1073 3510 1204 3609 omnes.

151 3633 242 3703 -Jam
260 3657 343 3704 vero
362 3635 476 3726 quivis
499 3636 688 3729 intelliget,
706 3635 855 3705 validius
879 3637 923 3705 ad
949 3636 1205 3728 rempublicam

157 3749 347 3845 pertinere,
365 3750 394 3819 si
413 3751 490 3841 quis
512 3753 657 3821 domum
684 3751 855 3842 ejusmodi
881 3753 1079 3833 conturbet,
1098 3774 1204 3843 quarn

156 3887 221 3956 pro
238 3863 344 3955 hujus
361 3866 530 3957 temporis
548 3869 694 3937 ratione.

208 3978 327 4061 Quare
358 4003 429 4050 non
461 3981 696 4050 dubitandum
725 3990 788 4063 est,
818 3983 855 4050 in
886 3981 1002 4050 reditu
1033 3988 1140 4072 atque
1167 3980 1204 4049 in

158 4094 306 4165 victoria
340 4094 477 4188 Ulyssis
512 4097 601 4166 verti
632 4120 703 4167 non
731 4104 805 4166 tam
837 4097 962 4166 domus
997 4119 1067 4165 suae
1098 4119 1202 4187 quam

157 4209 400 4281 Ithacensium
417 4236 534 4282 rerum
552 4235 736 4282 summam.
1174 4204 1176 4207 ’

217 4327 322 4414 Quod
350 4329 378 4396 si
405 4351 468 4398 nos
494 4351 564 4398 non
592 4328 742 4398 absurde
770 4328 984 4418 conjicimus,
1004 4326 1202 4397 Homerum
