2738 4866
161 306 204 379 to
246 314 249 319 “
464 307 518 371 Vis
528 307 646 371 Imaioe
660 307 694 370 ia
709 305 793 389 styli·
807 305 912 382 soora,
1023 385 1025 389 ¹
1068 327 1164 370 enan.
1177 327 1206 365 v.

163 485 228 548 est.
280 474 367 546 Non
392 498 470 549 raro
491 480 621 559 evenit,
644 485 686 546 ut
707 479 767 568 qui
788 476 1012 546 acerbissime
1037 475 1207 556 omnium,

160 594 299 665 afflictis
327 595 547 687 perditisque
576 593 690 674 rebus,
717 593 925 674 moerebant,
956 591 1064 661 iidem
1092 578 1207 660 verbis

161 710 333 801 ooeperint
360 710 485 802 nugari
518 732 560 779 ao
590 709 722 779 ludere.
773 709 870 791 Quid
900 708 997 777 euim
1025 705 1206 777 facerent?

163 824 336 894 aestuabat
848 822 852 827 ’
1206 825 1209 829 ’

831 919 953 989 “ingens

337 1005 398 1060 Imo
409 1005 438 1060 iu
450 1004 529 1060 corde
541 1004 638 1076 pudor,
650 1005 787 1077 mixtoque
798 1004 903 1058 insania
913 1005 1018 1058 luetu.'’

159 1144 203 1215 Id
228 1169 250 1216 e
275 1147 349 1216 vita
375 1146 413 1215 ln
439 1166 592 1225 scenam,
619 1166 682 1213 suo
707 1166 815 1225 more,
841 1142 1102 1213 transtulerunt
1123 1141 1205 1211 Tra-

159 1260 273 1353 goedi:
308 1283 377 1350 quo
404 1260 587 1329 nonsatis
616 1257 811 1340 intellecto,
838 1260 998 1352 arguitur
1025 1257 1203 1326 interdum

160 1398 182 1445 a
211 1375 426 1444 nonnemine
460 1373 518 1442 vel
552 1394 712 1442 summus
745 1372 806 1441 ille
840 1371 989 1442 Naturae
1023 1373 1204 1462 interpres,

157 1488 348 1569 induxisse,
371 1487 431 1577 qui
460 1487 586 1555 mediis
612 1487 649 1553 in
673 1486 836 1556 aemmnis
867 1485 994 1578 frigide
1020 1492 1058 1554 et
1084 1486 1204 1575 inepte

155 1602 371 1692 jocarentur.

211 1712 343 1805 Neque
365 1735 449 1783 vero
474 1714 706 1784 moerentibus
729 1713 855 1796 solum,
873 1721 935 1784 aut
958 1713 1076 1804 aliquo
1099 1711 1206 1781 modo

159 1829 314 1922 graviter
334 1830 533 1910 commotis,
549 1828 655 1898 fietus
677 1828 854 1920 ille'quasi
877 1830 974 1900 lusus
997 1829 1203 1908 conveniet3

159 1943 221 2014 sed
255 1943 293 2012 in
321 1943 534 2035 gravissimis
563 1966 703 2034 quoque
736 1944 842 2013 rebus
875 1964 1129 2034 nonnunquam
1163 1963 1203 2010 eo

159 2064 242 2128 sunt
259 2058 324 2140 usi,
340 2058 401 2150 qui
420 2079 501 2127 suos
525 2059 744 2128 severissime
761 2059 916 2128 monitos
933 2057 1080 2129 vellent.
1133 2056 1202 2147 Ipsi

158 2168 244 2240 talia
270 2191 343 2239 non
370 2192 543 2260 sprevere,
564 2194 646 2240 oum
671 2172 828 2240 maxime
850 2170 919 2241 Dei
946 2193 1088 2241 eausam
1112 2172 1204 2241 diee-

158 2291 248 2366 rent,
278 2284 483 2376 animasque
516 2286 560 2354 ad
595 2286 768 2375 pietatem
802 2294 1018 2371 revocarent,
1048 2287 1138 2356 sauri
1164 2308 1204 2354 ao

160 2391 295 2468 fatidici
309 2398 434 2471 Vates.
485 2398 612 2470 Veluti
637 2401 675 2469 in
697 2398 805 2468 Libro
825 2400 976 2493 Regum,
996 2400 1204 2470 fortissimus

158 2512 220 2583 ille
232 2512 408 2582 Michaias
420 2514 527 2583 iterat
542 2512 637 2582 ultro
650 2514 805 2583 mendax
822 2514 1034 2584 hariolorum
1053 2536 1202 2594 carmen,

159 2645 229 2715 quo
250 2623 442 2694 Achabum
469 2625 506 2693 in
536 2622 642 2716 Syros
667 2626 771 2696 dictis
796 2626 944 2695 incitare
969 2626 1142 2708 videatur,
1167 2647 1203 2693 re

159 2735 379 2810 deterreath:

299 2888 318 2914 “
331 2882 372 2937 Ite
384 2883 477 2953 signis,
489 2883 525 2937 ite
536 2883 640 2946 faustis,
651 2884 745 2938 Gilead
758 2885 840 2939 lsrael
851 2894 931 2954 petat,

328 2969 409 3024 Ultor
420 2969 449 3022 iu
461 2985 557 3022 manus
570 2968 674 3023 Achabi
686 2970 772 3024 tradet
783 2971 894 3025 invictas
907 2971 1014 3025 Deus.’'

153 3107 276 3177 Immo
315 3108 446 3179 diserta
483 3132 554 3178 vox
597 3117 651 3179 est
684 3110 841 3192 Jehovae,
874 3110 1046 3203 populum
1090 3133 1203 3190 snum,

157 3222 336 3316 ingratum
353 3223 499 3305 seilicet,
517 3246 538 3292 a
561 3245 599 3293 se
621 3226 666 3294 ad
683 3226 840 3316 impuros
856 3227 945 3295 ritus
961 3227 1201 3296 amandantis:

298 3366 364 3430 Vos,
379 3365 404 3420 Ο
417 3367 523 3419 Domus
534 3366 624 3430 lsrael,

298 3452 396 3516 audite,
409 3469 470 3523 quae
483 3451 546 3506 dicit
558 3452 692 3506 Dominus
706 3453 797 3506 Deus:

298 3537 404 3607 Singuli
415 3545 476 3606 post
488 3537 559 3591 idola
570 3545 658 3590 vestra
669 3536 811 3602 ambulate,

297 3631 324 3677 et
335 3623 430 3676 servite
441 3623 489 3686 iis,

295 3716 374 3778 atque
386 3707 464 3761 etiarn
476 3707 596 3776 posthae,
610 3707 737 3779 quoniam
749 3708 796 3762 Me
808 3725 864 3763 non
875 3709 1005 3763 audietis:

297 3793 345 3846 sed
356 3810 391 3846 us
402 3793 527 3862 polluatis
539 3795 609 3846 ultra
621 3794 728 3847 Nomen
740 3794 835 3848 Meum
848 3803 970 3849 sanetum

295 3879 324 3932 in
335 3877 492 3934 muneribus
505 3878 609 3941 vestris,
622 3888 648 3932 et
659 3880 688 3932 in
700 3879 779 3934 idolis
790 3880 885 3934 vestris
892 3879 907 3934 ¹.

207 4029 296 4102 Haeo
314 4031 417 4122 plane
434 4040 472 4100 et
488 4033 628 4123 proprie
648 4029 802 4128 εἰρωνικά.
853 4032 954 4102 Alias
971 4033 1080 4101 verbo
1097 4041 1201 4103 tenus

155 4139 299 4221 luditur,
326 4147 364 4208 et
388 4162 555 4210 sonorum
577 4143 825 4213 similitudines
848 4151 1054 4235 captantur:
1083 4143 1203 4234 qualia

331 4268 347 4302 ¹
364 4285 375 4322 1
391 4269 457 4340 Reg.
469 4269 532 4324 xxii.
544 4283 586 4336 15.
786 4270 793 4302 ¹
810 4270 908 4326 Erech.
921 4289 966 4324 xx.
979 4287 1023 4342 39.
