2738 4866
165 250 316 370 ramur..
477 300 878 386 dudimtioncsctrespomu.
934 333 936 340 ·
1059 347 1064 353 -
1193 306 1215 366 5
1265 262 1268 268 ·

165 482 335 564 praeterea
346 473 440 564 apud
458 473 672 542 recentiores
690 482 768 542 tum
782 496 874 542 nova
886 474 1047 564 quaedam
1062 473 1214 544 Poeseos

163 587 304 681 genera,
332 599 369 659 et
399 588 578 658 veteribus
607 588 712 680 plane
737 590 927 682 incognita,
954 598 1033 659 turn
1063 591 1101 659 in
1126 613 1214 659 uno-

163 683 305 794 quoque
338 727 468 797 genere
505 706 679 776 infinitam
714 707 788 774 fere
832 706 1076 796 exemplorum
1115 706 1212 788 vim3

164 841 277 909 eaque
303 843 385 889 cum
408 819 540 889 Graecis
567 829 605 889 et
632 821 769 890 Latinis
794 820 924 890 collata
949 820 1041 890 clare
1067 845 1108 890 ac
1133 844 1213 912 per-

164 933 285 1023 spicue
303 935 439 1015 docere,
457 937 542 1025 quid
558 938 595 1006 in
616 937 670 1005 his
687 938 791 1006 rebus
808 946 936 1006 natura
956 946 1210 1027 comparatum,

163 1049 248 1139 quid
279 1057 491 1140 temporum,
522 1050 693 1134 locorum,
728 1052 913 1120 hominum
943 1053 989 1120 sit
1019 1051 1209 1142 proprium.

165 1161 329 1254 lenique
355 1173 605 1257 argumentum
630 1188 694 1255 per
719 1187 757 1234 se
780 1164 922 1235 difficile
945 1166 1102 1258 gratuita
1125 1189 1211 1256 qua-

164 1277 245 1346 dam
264 1263 473 1348 difficultate
493 1279 676 1360 cumulari,
694 1280 778 1348 dum
804 1279 959 1372 vestigiis
980 1280 1129 1348 rudioris
1146 1282 1211 1350 aevi

101 1480 107 1488 ἱ
163 1392 341 1462 obstinato
367 1395 486 1464 animo
511 1395 723 1474 insistentes,
745 1395 932 1487 peregrino
955 1402 992 1463 et
1005 1417 1114 1485 paene
1133 1396 1208 1485 jam

162 1507 322 1577 obsoleto
350 1530 511 1586 sermone
539 1531 597 1578 eas
627 1531 682 1578 res
711 1511 852 1578 tractari
876 1509 1055 1599 jubemus,
1073 1490 1211 1606 ¹quibus

162 1638 200 1698 et
229 1630 400 1700 interesse
428 1632 596 1721 juniores,
628 1640 666 1700 et
700 1655 782 1701 oum
813 1631 998 1722 voluptate
1031 1631 1210 1702 immorari

162 1745 335 1816 volumus.
428 1739 430 1744 ’
667 1730 669 1734 ⁴

213 1860 301 1931 Haee
314 1862 385 1933 illi:
413 1864 539 1953 quibus
550 1885 616 1955 ego
630 1863 681 1931 ita
693 1883 777 1931 sane
791 1861 1076 1953 obtemperatum
1090 1863 1209 1946 velim,

161 1988 203 2048 ut
236 2003 282 2048 ne
312 1990 432 2050 tamen
459 1982 602 2050 omnino
632 1978 747 2050 exsilii
778 2001 889 2049 causa·
908 1979 1022 2049 solum
1053 1981 1208 2062 vertisse,

161 2103 269 2185 atque
296 2095 342 2164 ab
365 2094 563 2165 Academia
586 2095 728 2185 penitus
754 2096 921 2186 migrasse
948 2095 1136 2164 dicendum
1163 2097 1209 2165 sit
1272 2088 1274 2092 ⁸

108 2208 112 2219 '
164 2207 288 2279 Musas
302 2209 458 2279 Latinas.
494 2209 599 2292 Quod
611 2208 771 2278 nonnihil
784 2210 1018 2278 metuendum
1032 2211 1208 2278 existimo,

161 2347 243 2393 cum
266 2326 379 2394 indies
400 2326 445 2394 ab
471 2347 592 2394 earum
620 2325 799 2414 provincia
826 2324 981 2393 deminui
1009 2324 1140 2414 aliquid
1158 2349 1208 2415 ac

161 2440 299 2509 detrahi
320 2442 478 2509 videam:
505 2451 546 2508 ut
568 2440 626 2507 vix
639 2440 716 2530 jam
737 2462 796 2508 eas
816 2463 888 2508 uno
910 2439 1092 2531 alteroque
1114 2442 1207 2530 apud

161 2575 223 2622 nus
242 2555 361 2623 donari
381 2555 523 2645 praemio
541 2561 680 2621 mutata
700 2562 861 2643 tempora
877 2575 1062 2643 moresque
1080 2554 1206 2624 sinant.

160 2669 335 2758 Equidem
365 2671 448 2758 quid
480 2667 539 2736 alii
569 2667 724 2736 sentiant
753 2668 891 2749 nesci03
925 2668 1015 2735 mihi
1044 2676 1150 2749 certe,
1178 2668 1206 2737 si

159 2781 229 2850 iliis
243 2783 453 2864 carebimus,
467 2782 649 2873 aegerrime
661 2782 695 2849 id
712 2781 889 2850 videbitur
902 2781 1108 2851 ferendum:
1136 2805 1207 2850 non

159 2897 266 2965 modo
283 2906 428 2987 propter
444 2897 585 2965 insitam
600 2917 720 2963 earum
734 2895 955 2976 suavitatem,
969 2896 1206 2986 intimumque

159 3010 257 3090 illud,
276 3034 345 3101 quo
369 3033 508 3102 semper
523 3010 690 3102 gaudent,
709 3031 790 3078 cum
814 3011 911 3077 omni
928 3008 1063 3078 liberali
1088 3012 1206 3080 studio

158 3128 423 3208 commercium,
441 3148 564 3195 verum
588 3126 697 3194 etiam
714 3124 855 3194 honoris
879 3146 994 3205 causa,
1011 3126 1071 3215 qui
1095 3125 1206 3194 claro-

158 3263 236 3309 mm
271 3241 426 3309 virorum
455 3239 695 3308 monumentis
729 3238 827 3306 nullo
856 3260 925 3306 non
957 3247 1118 3329 tempore
1146 3241 1206 3310 de-

158 3355 282 3437 betur3
318 3378 439 3424 eorum
467 3356 555 3434 dico,
583 3375 671 3443 quos
698 3353 877 3443 praestanti
904 3353 1056 3446 ingenio,
1085 3365 1205 3425 nostra

157 3479 264 3560 atque
280 3479 421 3560 patrum
440 3469 620 3549 memoria,
638 3468 704 3536 hoc
722 3469 798 3558 ipso
816 3490 861 3537 ex
879 3467 958 3537 loco
979 3471 1204 3540 concionatos

158 3606 232 3653 esse
245 3585 408 3654 novimus
420 3607 429 3665 3
456 3606 605 3674 quorum
620 3582 698 3651 libri
711 3583 749 3651 in
761 3583 924 3651 manibus
937 3593 1020 3653 sunt
1032 3587 1202 3656 omnium.

159 3705 330 3768 Parumne
347 3699 535 3789 profecisse
558 3698 733 3777 videntur,
745 3696 962 3777 Academici,
981 3698 1108 3788 quibus
1131 3723 1202 3770 uno

150 3815 225 3904 jam
244 3813 371 3883 saeculo
391 3814 443 3882 bis
459 3813 657 3904 contigerit,
675 3820 717 3880 ut
734 3834 880 3880 aureum
899 3834 986 3902 opus
1002 3815 1202 3902 posteritati

157 3927 360 3998 traderent?
412 3927 483 3996 Sed
511 3928 555 3995 de
579 3926 677 4008 vivis,
703 3929 897 4018 praesertim
924 3927 1055 4011 amicis,
1083 3938 1201 4000 tacen-

156 4045 240 4112 dum
266 4052 377 4134 puto:
408 4065 490 4110 nam
517 4042 614 4109 venit
641 4041 678 4109 in
703 4050 861 4110 mentem
885 4044 1069 4113 sententiae
1094 4044 1198 4128 illins,

156 4155 385 4252 ὅτθξυνέίδῶς
405 4154 456 4224 tad
474 4157 576 4230 Εὔνους
593 4155 754 4248 ἀκροατὴς
774 4153 852 4250 Τάχ,
872 4153 911 4224 ἄν
928 4187 962 4226 'rt
980 4154 1198 4253 ἐνδεεστέρως,

156 4271 235 4367 πρὸς
256 4272 277 4342 ἃ
296 4271 459 4358 βούλεταί
485 4301 524 4338 τε
546 4270 598 4338 καὶ
620 4269 812 4353 ἐπίσταται,
836 4272 977 4352 νομίσειε
1007 4269 1198 4356 δηλοῦσθαι,
