2738 4866
213 323 256 386 60
383 323 544 386 Primart't'
557 322 709 407 acyliprmt
722 324 896 387 1111111111ὠί
906 325 1060 410 pluriam.-
1120 348 1217 391 111111.
1229 349 1260 390 v.

213 492 296 552 sunt
323 484 491 564 omnium,
516 505 586 551 non
614 483 728 553 solum
754 484 957 568 Poetarum,
984 487 1045 555 sed
1076 485 1260 556 hominum

213 620 373 689 quoque:
410 599 530 688 quales
561 607 643 668 sunt
677 600 721 668 de
752 599 831 668 coeli
861 600 961 680 faeie,
993 601 1037 669 de
1066 601 1149 670 anni
1179 624 1260 671 con-

213 712 440 794 versionibus,
469 715 512 782 de
540 714 623 782 vitae
653 715 855 807 fragilitate.
919 714 991 785 Sed
1017 725 1139 786 tamen
1167 740 1262 786 oom-

211 827 334 895 munia
367 828 434 896 ista
468 829 606 918 proprie
637 830 899 919 quodammodo
932 830 1063 919 poterit
1097 838 1260 899 tractare.

212 939 255 1008 Id
281 942 375 1031 quod
397 940 538 1010 Natura
564 943 640 1033 ipsa
667 943 751 1012 satis
777 942 924 1024 curabit,
951 945 1058 1013 modo
1087 945 1194 1036 plane
1223 955 1260 1013 et

211 1078 293 1123 vere
311 1055 436 1146 aliquis
454 1079 534 1147 quae
553 1057 623 1125 sint
639 1059 736 1126 intus
754 1080 961 1149 expromere
978 1058 1105 1128 valeat.
1160 1059 1260 1130 Sicut

211 1169 304 1237 enim
324 1169 384 1238 ora
404 1179 595 1261 gestusque
612 1172 808 1253 hominurn,
827 1174 878 1242 ita
903 1174 1100 1242 animorum
1119 1196 1259 1265 quoque

210 1281 363 1363 habitus
389 1283 488 1371 quasi
518 1283 563 1352 de
589 1285 762 1354 industria
792 1287 916 1355 variari
943 1287 1123 1357 videmus:
1156 1289 1259 1357 utin

211 1397 358 1466 mirifica
387 1398 627 1466 universomm
658 1399 888 1469 similitudine
922 1401 1025 1470 facile
1055 1410 1178 1471 tamen
1207 1405 1259 1471 in-

210 1518 455 1597 ternoscantur
488 1512 626 1604 singuli.
687 1512 782 1604 Ergo
815 1514 940 1582 iisdem
975 1515 1048 1583 fere
1081 1516 1119 1584 in
1152 1519 1258 1586 rebus

209 1625 339 1693 iterum
374 1634 480 1716 atque
514 1627 644 1694 iterum
679 1628 807 1696 versari
838 1628 963 1709 solent,
992 1629 1091 1699 nullo
1126 1631 1257 1700 fastidii

209 1752 318 1822 metu,
338 1743 527 1813 Poetarum
544 1744 701 1812 maximi.

260 1859 320 1928 Ne
342 1861 449 1930 verba
470 1860 613 1949 quidem
636 1861 723 1950 ipsa,
742 1860 852 1950 siquae
875 1853 1127 1944 adamaverint,
1149 1872 1212 1932 aut
1237 1887 1258 1932 a

209 1997 246 2043 se
270 1982 332 2044 aut
355 1976 399 2043 ab
416 1973 493 2044 aliis
517 1974 695 2042 interdum
714 1974 869 2041 mutuari
887 1983 1062 2044 verentur.
1114 1977 1197 2058 Quo
1219 1978 1256 2045 in

207 2109 338 2179 genere
358 2091 413 2175 (ut
430 2088 613 2156 notissima
629 2087 819 2178 proferam)
841 2086 1021 2156 Homerus
1044 2110 1107 2157 sua
1130 2091 1256 2181 saepius

208 2202 349 2271 videtur
380 2202 598 2294 compilasse,
623 2200 796 2292 Virgilius
824 2200 1026 2284 Homerica,
1062 2202 1256 2294 Spenserus

207 2327 328 2386 noster
343 2325 405 2388 aut
420 2317 618 2409 Virgiliana
641 2325 704 2384 aut
727 2315 918 2384 clarissima
936 2316 1108 2386 Italorum
1131 2341 1255 2388 monu-

207 2441 338 2501 menta.
399 2431 523 2521 Atque
561 2437 604 2497 ut
641 2431 678 2497 in
717 2428 847 2497 talibus
885 2430 1045 2498 nonnihil
1078 2431 1256 2502 tribuatur

208 2540 345 2629 (verum
363 2544 457 2611 enim
471 2543 601 2632 dicam)
615 2541 770 2610 Desidiae
783 2540 1061 2633 z—(quanquam
1076 2544 1165 2612 mihi
1179 2546 1255 2634 qui-

206 2659 287 2726 dem
314 2657 415 2747 plura
440 2657 611 2748 ejusmodi
638 2657 800 2724 videntur
821 2658 974 2750 ingenuo
998 2660 1138 2728 cuidam
1162 2662 1254 2750 prio-

205 2795 282 2840 rum
305 2782 427 2840 vatum
450 2772 560 2839 amori
585 2794 626 2840 ac
649 2770 859 2839 reverentiae
881 2772 1002 2840 deberi
1014 2773 1179 2864 :)—illud
1200 2782 1253 2844 ta·

204 2910 287 2956 men
312 2887 534 2979 perspicuum
562 2886 613 2969 fit,
638 2885 740 2954 facile
767 2886 853 2955 istos
869 2901 918 2955 ao
946 2886 1099 2955 libenter
1124 2888 1253 2958 Inven-

204 3010 319 3071 torum
340 3012 436 3070 certe
453 3001 558 3070 laude
575 3001 737 3069 caruisse.
781 3000 923 3079 Contra,
936 3003 995 3091 qui
1014 3002 1194 3093 trepidant
1211 3026 1251 3073 ac

203 3127 421 3208 torquentur,
448 3115 535 3183 nihil
563 3138 632 3183 nou
663 3114 862 3182 inauditum
889 3116 1110 3207 proferendo,
1138 3119 1251 3188 ambi-

203 3231 325 3300 tiosius
342 3254 448 3321 quarn
465 3231 577 3298 verius
594 3229 743 3321 putandi
760 3239 843 3298 sunt
860 3253 973 3321 agere,
988 3232 1097 3300 etiam
1115 3233 1250 3324 optime

203 3370 282 3437 quae
301 3347 370 3414 sint
388 3354 477 3415 acta.

251 3462 332 3531 Hoc
350 3463 436 3530 vitio
454 3482 555 3551 paene
582 3459 804 3530 cumulatum
828 3469 882 3530 est
905 3461 1127 3529 notissimum
1153 3461 1248 3553 apud

200 3585 374 3647 nostrates
385 3575 527 3654 Poema‚
546 3574 666 3665 (grave
683 3575 843 3664 profecto
861 3583 898 3643 et
916 3575 1105 3654 eruditum,
1124 3584 1161 3645 et
1179 3577 1250 3646 cla-

199 3693 342 3762 rissimis
373 3690 578 3758 distinctum
613 3688 831 3780 luminibus)
867 3689 924 3756 cui
959 3689 1094 3767 titulun,
1127 3689 1249 3761 “Noc-

199 3815 312 3876 turncc
329 3803 473 3899 tripentis
495 3801 676 3871 arcabica?
736 3801 872 3870 Possim
902 3801 1055 3893 allegare
1078 3813 1248 3874 sexcenta

198 3924 272 4012 ejus
290 3921 376 3998 loca,
396 3941 487 4008 quae,
509 3916 611 3985 initio
637 3917 722 3985 satis
746 3917 851 3996 dulci,
871 3918 1037 3985 desinunt
1061 3919 1097 3985 in
1122 3919 1247 3989 verbo-

196 4042 274 4102 'rum
303 4032 473 4123 ineptias;
505 4030 646 4099 variatis
676 4031 721 4099 ad
745 4030 925 4098 fastidium
954 4030 1132 4112 clausulis,
1159 4034 1246 4101 dum

195 4146 403 4214 inusitatum
420 4141 562 4230 aliquod
580 4146 720 4212 emicet.
800 4185 808 4201 ,

245 4259 374 4341 Quare,
404 4258 432 4326 si
460 4257 551 4325 forte
583 4259 626 4326 de
654 4258 766 4327 Poeta
791 4259 925 4348 quovis,
953 4269 994 4327 ut
1023 4260 1073 4340 fit,
1106 4261 1241 4331 oriatur
