2738 4866
322 1200 715 1282 PRAELEC'PIO
750 1195 1037 1289 QUARTA.

155 1658 293 1712 Platonica
314 1677 364 1712 non
385 1664 451 1714 male
473 1681 529 1715 cnm
549 1663 647 1714 nostris
667 1663 826 1715 conveniant.
864 1661 981 1714 Ponitur
1000 1657 1094 1727 dnpleo
1109 1655 1201 1707 Poeta-

172 1761 244 1795 -rnm
262 1745 345 1804 ordo:
363 1745 454 1800 ddnde
468 1748 618 1801 declaratur
630 1765 660 1800 ea
670 1748 792 1816 partitio,
800 1747 896 1816 prima
909 1744 1033 1799 commoni
1046 1743 1167 1795 Sermone
1178 1742 1202 1790 et

189 1828 358 1890 Proverbiis,-
379 1833 498 1895 secondo,
511 1833 688 1896 similitudine,
702 1851 752 1902 qna
765 1833 850 1900 tanpit
861 1832 970 1884 Insania
982 1829 1077 1882 Poesin
1084 1850 1097 1886 ,·
1117 1826 1201 1887 tertio,

185 1916 330 1982 partitione
351 1935 436 1969 eornm
458 1918 502 1986 qni
521 1920 627 1986 lepont;
654 1924 755 1987 qnarto,
778 1920 912 1985 lanpnente
931 1915 1001 1984 apnd
1022 1931 1095 1966 senes
1119 1926 1203 1964 amore

190 2000 339 2053 oanninnm.
377 2002 538 2055 Prooooatnr
550 2003 586 2055 ad
600 2004 712 2070 oripines
724 2003 841 2065 Poeseos,
855 2001 989 2070 dequibus
1005 1999 1093 2067 aqitnr
1102 1997 1202 2066 partim

184 2085 318 2152 probabili
329 2088 484 2154 conjectura,
493 2089 594 2156 partim
606 2089 758 2141 testimoniis
771 2087 910 2156 desumptis
925 2086 956 2138 de
969 2085 1143 2138 sacrosancto
1155 2082 1202 2134 Co·

190 2169 254 2232 dice,
268 2176 293 2221 et
305 2171 336 2223 de
347 2171 494 2224 Annalibus
505 2173 691 2225 Barbarornm.

233 2413 457 2484 LATONIS
487 2425 562 2485 erat
592 2439 673 2497 von,
700 2416 917 2492 Academici,
944 2433 1204 2504 magnoperea

274 2527 443 2596 Cicerone
486 2531 725 2620 comprobata,
766 2528 967 2598 “Omnem
1007 2527 1202 2594 doctrinam

156 2642 281 2711 harum
313 2643 545 2734 ingenuarum
573 2655 680 2734 atque
710 2643 945 2712 humanarum
971 2642 1102 2710 artium
1134 2664 1203 2708 uno

157 2757 308 2847 quodam
336 2758 514 2827 societatis
540 2758 680 2827 vinculo
705 2758 877 2827 contineri
890 2757 938 2824 Μ’
990 2753 1048 2824 Ac
1075 2755 1202 2823 vellem

158 2871 322 2960 equidem
349 2872 503 2962 praeclari
529 2873 698 2954 homines
726 2895 829 2962 quem
862 2892 1071 2940 consensum
1098 2877 1204 2960 atque

159 2986 381 3054 concordiam
417 2989 618 3056 acutissime
659 2988 816 3056 omnium
852 2987 917 3077 ipsi
956 2983 1204 3076 perspicerent,

158 3121 240 3167 eum
271 3099 459 3189 aliquando
478 3103 577 3191 justa
607 3103 844 3193 disputatione
874 3100 1113 3192 indagandum
1140 3099 1204 3167 sibi

158 3214 369 3304 penitusque
395 3216 643 3307 explicandum
661 3219 718 3287 via
743 3225 780 3285 et
804 3216 940 3285 ratione
964 3214 1204 3304 sumpsissent.

161 3326 278 3408 Quem
293 3352 374 3396 cum
392 3330 443 3398 illi
463 3333 638 3421 exquisite
656 3334 795 3413 sentire,
810 3354 916 3422 quam
929 3336 1093 3398 accurate
1107 3350 1204 3396 mon-

160 3450 281 3525 strare,
313 3445 513 3527 maluerint,
544 3448 644 3515 nobis
674 3457 794 3515 tamen
828 3443 1088 3536 quodammodo
1124 3464 1207 3510 auc-

160 3564 254 3625 tores
280 3567 362 3626 snnt
384 3560 478 3641 facti,
502 3585 565 3651 per
588 3569 642 3629 tot
667 3562 792 3641 studia,
815 3569 889 3628 tam
916 3558 1018 3636 varia,
1041 3565 1115 3624 tam
1134 3554 1206 3622 late

159 3668 289 3749 dissita,
309 3669 491 3741 Poeticam
506 3673 601 3742 illam
621 3670 1135 3765 voluptatemanquirentibus.

210 3782 422 3874 Quanquam
446 3787 507 3856 illa
524 3789 666 3878 quidem
688 3789 844 3858 Platonis
867 3787 997 3855 rectius
1019 3784 1136 3851 forsan
1161 3781 1206 3850 ed

158 3896 446 3968 mathematicam
473 3900 594 3991 (quam
621 3907 763 3989 vocant)
792 3908 898 3991 atque
924 3899 968 3966 ad
999 3919 1077 3966 eam
1105 3894 1208 3962 disci-

158 4008 288 4098 plinam
318 4011 525 4094 referuntur,
544 4038 620 4105 quae
646 4025 700 4083 est
726 4017 771 4084 de
798 4014 960 4082 universa
985 4032 1102 4079 rerum
1132 4007 1208 4076 Na-

295 4241 304 4262 ”
317 4234 358 4287 De
373 4236 447 4290 Orat.
464 4237 515 4289 ΙΙΙ.
530 4237 554 4290 6.
593 4239 658 4290 Plat.
671 4237 794 4306 Epinorn.
809 4235 860 4288 sub
873 4235 918 4286 fin.
932 4242 952 4286 t.
963 4233 990 4285 ii.
1003 4248 1066 4303 992.
