2738 4866
161 329 252 374 rann.
265 329 322 374 xrr.
358 307 464 396 Vipera
477 315 541 374 tom
555 308 647 374 ctiam
663 305 753 372 corio
767 309 803 373 do
818 309 892 395 rap
906 309 1021 374 audio.
1142 314 1206 375 205

159 474 202 543 ad
228 496 265 543 se
286 475 416 556 omnia,
434 496 496 543 seu
519 496 649 543 nomen
672 469 786 564 plebis
811 468 939 543 callide
961 471 1205 558 venditarent3

160 587 219 655 vix
248 589 324 656 fieri
351 588 478 679 potuit,
505 588 589 679 quin
615 587 698 655 huic
724 595 786 657 aut
813 587 864 657 illi
893 596 998 657 sectae
1025 587 1205 658 addictum

159 724 237 773 sese
254 699 418 795 proderet
436 700 585 795 scriptor
602 701 796 796 Odysseiae.

222 819 387 889 Fortasse
413 819 522 911 igitur
545 840 617 887 non
642 817 704 886 aba
730 839 768 885 re
794 817 874 898 erit,
900 818 928 887 si
952 841 1065 909 pauca
1089 819 1206 910 dispu-

159 944 282 1003 tavero
306 935 343 1002 in
366 934 456 1003 hanc
482 933 706 1014 sententiam,
727 941 769 1002 ut
789 934 983 1015 ostendam,
1004 932 1201 1004 Homerum

159 1069 299 1141 semper
324 1072 369 1118 ex
396 1047 634 1140 Optimatium
662 1049 821 1140 partibus
838 1049 998 1132 stetisse3
1033 1051 1205 1141 siquidem

160 1163 362 1255 Optimates
392 1172 493 1234 erant
523 1164 681 1246 vocandi,
712 1165 772 1255 qui
803 1165 898 1255 apud
925 1165 1010 1234 istas
1045 1166 1206 1235 civitates

159 1279 343 1372 pristinam
361 1279 557 1372 imperandi
578 1302 739 1350 normam
756 1278 937 1350 tenebant.
989 1280 1078 1364 Quae
1102 1303 1206 1352 causa

160 1421 242 1466 cum
275 1397 380 1467 latius
407 1407 538 1489 pateat,
568 1397 788 1467 commodius
823 1419 901 1466 eam
934 1389 1135 1467 differemus
1169 1398 1205 1465 in

159 1512 256 1582 aliud
275 1522 424 1604 tempus.

211 1626 296 1697 “At
317 1630 410 1698 enim
430 1627 491 1720 qui
507 1628 583 1698 lieri
605 1626 733 1719 potuit,
752 1637 792 1697 ut
816 1634 1027 1696 mercaretur
1047 1628 1082 1695 in
1103 1628 1221 1698 undis.

159 1743 230 1813 illis
247 1745 419 1826 civilibus,
437 1745 496 1836 qui
514 1742 683 1813 nefando
701 1739 843 1834 quidem
861 1741 998 1811 noverit
1022 1742 1087 1829 (sic
1111 1743 1205 1811 enim

159 1858 299 1947 volunt)
318 1860 522 1951 popularem
539 1859 743 1951 reipublicae
761 1866 894 1928 statum
905 1858 939 1930 2”
973 1858 1049 1928 Ista
1062 1858 1205 1949 quidem

159 1988 235 2045 erat
264 1975 440 2046 sententia
469 1974 596 2045 nobilis
626 1976 720 2044 inter
748 1983 923 2044 nostrates
952 1974 1109 2065 scriptor,
1136 1997 1205 2064 quo

159 2114 265 2161 nemo
288 2114 442 2182 unquam
469 2111 523 2160 res
550 2090 752 2160 Graecorum
775 2098 838 2159 aut
866 2089 955 2159 vidit
981 2087 1118 2159 acutius
1144 2097 1206 2159 aut

160 2188 288 2277 clarius
322 2203 530 2277 enarravitb.
595 2216 614 2246 “
629 2207 772 2286 Nulla‚’'
806 2206 932 2297 inquit,
966 2207 1092 2297 “apud
1128 2205 1205 2275 Ho-

160 2345 296 2394 merum
328 2325 403 2395 sine
430 2346 514 2416 rege
542 2323 746 2393 nominatur
773 2322 928 2392 civitas.’‘
980 2320 1119 2392 Etiam:
1144 2324 1205 2392 sed

160 2462 231 2509 non
249 2437 329 2508 ideo
347 2437 582 2520 concedimus
603 2438 802 2509 Homericis
817 2438 1035 2530 temporibus
1048 2440 1205 2508 nondum

159 2556 267 2626 fuisse
290 2556 404 2647 posita
424 2555 607 2626 discordiae
630 2578 671 2625 ac
698 2555 912 2624 seditionum
934 2554 1045 2624 initia.
1110 2555 1205 2638 Quin

159 2672 284 2742 eodem
309 2671 371 2741 illo
389 2695 494 2763 quem
518 2672 624 2741 modo
648 2671 868 2742 laudavimus
891 2679 1065 2753 auctorat
1093 2681 1113 2709 “
1128 2673 1205 2740 uni-

159 2810 259 2857 versa
285 2788 396 2857 ferme
422 2786 558 2857 Graecia
584 2789 733 2857 cessavit
759 2784 879 2857 statim
905 2794 985 2877 post
1013 2785 1205 2858 Homerica

157 2904 357 2996 principum
385 2901 588 2973 dominatio.
652 2903 712 2972 Ne
746 2902 889 2972 nomine
923 2903 1067 2994 quidem
1102 2911 1206 2975 tenus

158 3006 364 3089 manserunt
375 3042 496 3113 reges:
511 3021 570 3111 qui
583 3019 711 3113 singuli
723 3019 862 3111 populis
874 3028 1055 3111 praeeraut,
1067 3022 1205 3112 tyranni

158 3136 361 3205 audiebant.
418 3135 514 3206 Mira
548 3158 631 3205 sane
666 3158 783 3205 rerum
817 3134 1010 3217 conversio,
1041 3135 1075 3203 ni
1111 3137 1205 3227 apud

159 3251 360 3320 Homerum
387 3274 527 3342 quoque
549 3260 728 3343 appareat,
749 3251 930 3342 jamtum
956 3271 1038 3318 cum
1063 3251 1205 3343 regibus

156 3367 358 3448 utebantur,
378 3367 528 3460 viguisse
545 3367 618 3436 illio
636 3367 790 3436 civitatis
808 3366 940 3451 liberae,
959 3367 987 3437 si
1004 3389 1076 3436 non
1093 3367 1201 3460 leges,

155 3505 272 3552 mores
289 3483 432 3574 quidem
449 3486 578 3552 certe.'’

208 3596 297 3667 Haeo
324 3596 407 3667 ille:
436 3622 481 3668 ex
509 3599 637 3691 quibus
664 3597 816 3667 efficitur
842 3620 913 3666 non
937 3597 1026 3667 adeo
1052 3597 1204 3667 alienam

156 3713 203 3783 ab
238 3711 439 3783 Homericis
473 3714 691 3805 temporibus
727 3714 803 3782 fore
846 3713 1120 3805 disputationem
1160 3713 1204 3781 de

155 3829 292 3920 optimo
317 3850 446 3920 genere
471 3828 704 3920 reipublicae,
733 3829 816 3898 Jam
834 3829 917 3897 inde
934 3828 1081 3922 flagrare
1102 3836 1205 3920 petu-

154 3942 305 4012 lantium
339 3942 523 4013 hominum
556 3944 686 4027 libid03
720 3946 797 4037 jam
833 3945 917 4014 inde
950 3945 1079 4036 perditi
1118 3968 1200 4013 cum

155 4057 280 4138 beatis,
298 4056 494 4127 turbulenti
520 4081 601 4127 cum
625 4059 754 4149 quietis
776 4067 921 4128 certare.
973 4056 1030 4127 Ac
1054 4059 1201 4128 fortasse

191 4309 202 4342 l
221 4309 342 4373 Mitiord,
356 4311 427 4363 Hirt.
443 4311 527 4389 Grac.
540 4328 563 4364 c.
577 4311 604 4364 ii.
618 4303 643 4379 §2
658 4329 683 4366 2.
985 4321 998 4349 e
1016 4330 1039 4365 c.
1052 4312 1087 4367 iv.
1102 4315 1126 4380 §.
1144 4331 1165 4366 1.
