2738 4866
213 318 257 380 88
377 317 522 396 Quaem
529 316 658 400 propria
673 315 795 378 dicatur
809 314 834 378 I
833 314 927 378 dioride
940 336 1067 378 3333313.
1095 338 1192 380 rann.
1204 338 1259 379 vu.

214 470 328 561 operis
353 470 404 539 ira
430 477 571 549 tantum
593 468 747 539 Achillis
770 470 965 552 definiunt3
994 468 1083 538 illud
1112 469 1257 549 scilicet,

215 583 322 663 Μῆτιν
340 581 433 665 ἄειδε,
452 582 519 664 θεά,
538 583 699 675 religiose
717 585 821 653 nimis
838 585 883 653 ad
899 583 1039 653 literam
1063 592 1258 675 captantes.

214 698 345 768 Verius
367 698 493 780 multe,
512 700 547 767 ni
569 698 683 780 fallor,
701 699 865 781 dixerint,
889 700 925 768 id
949 700 1015 768 sibi
1037 701 1259 791 proposuisse

213 821 407 894 auctorem,
429 821 470 881 ut
494 811 636 903 Trojam
662 822 804 881 caneret
830 813 876 882 ab
898 811 1045 882 Achivis
1069 814 1257 882 devictam.

215 927 346 1017 Neque
371 925 474 995 aliter
499 928 646 996 sensisse
667 927 808 996 videtur
824 926 1005 1010 Horatius,
1023 949 1105 996 cum
1122 925 1260 994 Home·

214 1065 292 1110 rum
316 1041 471 1133 appellet
492 1041 661 1133 “Trojani
679 1041 765 1111 belli
783 1043 988 1133 scriptorem
1001 1042 1029 1110 :”
1055 1041 1259 1132 laudetque,

214 1158 307 1246 quod
342 1181 412 1226 non
444 1158 616 1250 “gemino
650 1157 695 1225 ab
726 1158 812 1225 0v0'’
842 1157 1005 1226 carminis
1036 1157 1090 1226 sui
1120 1164 1260 1247 repetat

214 1272 368 1340 exordia.
420 1272 541 1341 Etiam
559 1272 807 1363 “promissori''
825 1273 963 1342 cuidam
983 1271 1141 1364 opponit,
1160 1271 1261 1362 cujus

213 1387 353 1457 fuerant
369 1387 515 1481 grandia
531 1387 601 1467 1113,

408 1532 552 1586 Fortunam
566 1532 665 1587 Priami
676 1532 789 1587 cantabo
800 1541 826 1586 et
838 1532 926 1586 nobile
938 1532 1047 1586 bellum.

214 1648 297 1718 Istis
331 1645 494 1716 laudibus
531 1669 603 1715 non
641 1655 718 1717 erat
757 1647 865 1728 locus,
899 1647 966 1716 nisi
1001 1647 1133 1716 Critico
1168 1646 1263 1715 bene

213 1772 438 1853 perspectum
474 1772 579 1844 esset,
613 1785 668 1833 res
708 1786 806 1853 aeque
844 1785 989 1855 magnas
1028 1762 1073 1831 ab
1106 1771 1263 1852 utroque

214 1876 326 1948 Poeta
356 1878 618 1969 comprehendi.
676 1865 779 1946 Idem
807 1877 979 1946 Horatius
1008 1876 1077 1945 alio
1107 1877 1145 1945 in
1170 1877 1263 1958 loco,

213 1993 351 2063 duobus
368 1994 441 2062 fere
459 1994 585 2074 verbis,
603 1994 801 2060 universam
819 1992 974 2082 explicat
992 1990 1124 2061 Iliada:

602 2169 608 2181 .
629 2167 635 2181 .
656 2168 663 2180 .
683 2168 690 2182 .
709 2127 850 2196 ademptus
865 2127 967 2182 Hector·

458 2215 579 2270 'I'radidit
590 2214 668 2268 fessis
679 2215 778 2268 leviora
789 2215 846 2271 tolli

564 2300 692 2370 Pergama
705 2298 801 2352 Graiis

213 2426 336 2495 Totius
361 2425 504 2515 quidem
531 2421 616 2492 belli
643 2424 800 2491 fortunas
826 2423 893 2514 agi,
918 2446 999 2491 curn
1026 2424 1070 2492 de
1092 2422 1263 2493 Hectoris

214 2541 330 2630 capite
373 2539 502 2632 agitur,
544 2537 662 2631 palam
705 2537 831 2630 saepius
875 2538 920 2607 ab
964 2539 1038 2631 ipso
1082 2538 1264 2608 indicatur

216 2654 397 2726 Homero:

408 2779 463 2836 οἷος
473 2783 524 2853 γάρ
536 2785 604 2853 σφιν
615 2783 691 2854 ἔρυτο
703 2781 787 2838 σύλας
799 2784 839 2836 καὶ
852 2783 939 2852 τείχεα
950 2781 1064 2850 μάκραθ.

213 2904 337 2995 Atque
354 2906 390 2973 in
405 2929 447 2974 ea
463 2928 501 2974 re
519 2907 669 2975 vertitur
689 2908 803 2974 omnis
820 2905 880 2974 illa
899 2905 1029 2974 Priami
1047 2903 1262 2993 deprecatio,

213 3020 258 3090 ab
277 3019 402 3087 ultimo
414 3021 490 3110 jam
505 3018 623 3087 duello
641 3020 754 3087 filiurn
772 3020 901 3089 frustm
917 3019 1135 3087 revocantis:

354 3163 415 3220 ἀλλ’
428 3163 547 3234 εἰσέρχεο
559 3166 654 3233 τεῖχος,
667 3163 728 3232 έμδν
740 3163 821 3225 τέκος,
834 3163 905 3233 ὄφρα
917 3164 1025 3229 σαώσης

354 3256 442 3320 Τρῶας
454 3251 494 3303 καὶ
506 3250 603 3319 Τρωάς,
615 3251 679 3319 μηδὲ
691 3249 758 3320 μέγα
769 3250 845 3305 κῦδος
857 3248 949 3318 ὀρέξης

354 3337 478 3405 Πηλείδη,
491 3335 567 3392 αὐτὸς
579 3336 607 3388 δὲ
619 3337 700 3407 φίλης
711 3337 801 3392 αἶῶνος
813 3335 933 3405 ἀμερθῇς·

353 3424 419 3492 πρὸς
431 3420 462 3485 δ,
475 3422 519 3491 ἐμὲ
532 3423 577 3477 τδν
589 3420 715 3490 δύστηνον
727 3423 765 3475 ἔτι
777 3419 911 3491 φρονέοντ’
924 3419 1041 3488 ἐλέησον,

354 3507 493 3578 δύσμορον,
506 3507 536 3562 ὅν
546 3506 579 3577 ῥα
590 3507 675 3577 πατὴρ
689 3506 814 3579 Κρονίδης
826 3508 867 3560 ἐπὶ
878 3506 974 3577 γήραος
986 3505 1054 3576 οὐδῷ

354 3593 416 3663 αἴσῃ
429 3595 456 3648 ἐν
467 3593 581 3667 ἀργαλέῃ
594 3594 696 3664 φθίσει,
710 3595 773 3647 κακὰ
784 3592 862 3648 πολλ’
874 3592 994 3647 ἐπιδόντα
1003 3591 1023 3646 ¹³.

215 3717 358 3790 Videtis
391 3718 508 3811 plane,
538 3739 637 3808 spem
667 3739 811 3786 omnem
841 3717 1090 3804 fortunamque
1119 3712 1261 3803 Trojani

212 3836 364 3903 nominis
381 3836 418 3903 in
436 3832 540 3902 unius
557 3834 632 3902 vita
655 3844 692 3902 31
713 3834 860 3901 victoria
883 3831 986 3922 poni:
1013 3830 1075 3920 qui
1092 3828 1260 3898 nimirum

212 3970 284 4016 non
314 3950 419 4018 armis
452 3950 568 4028 modo,
599 3972 723 4017 verum
757 3947 865 4017 etiam
901 3948 1034 4037 pietate
1067 3966 1109 4013 ac
1144 3942 1261 4035 religi-

213 4065 339 4134 onibus
356 4065 477 4156 patriae
500 4066 629 4133 muenia
647 4064 826 4154 Laresque
848 4070 1013 4132 tueatur:
1040 4068 1149 4151 atque
1171 4058 1261 4128 adeo

214 4174 403 4272 saepissime
420 4179 552 4261 audiat,
572 4178 632 4248 Διῒ
646 4179 759 4274 φίλος.

354 4335 368 4364 ⁸
387 4327 419 4380 11.
433 4326 496 4381 xxii.
509 4340 571 4396 507.
903 4333 904 4336 ’
968 4323 980 4355 ¹³
998 4322 1062 4376 xxii.
1075 4321 1119 4391 56.
