2738 4866
333 1388 727 1474 PRAELECTIO
766 1385 1043 1472 OCTAVA.

160 1852 322 1923 Disputatur
337 1856 431 1909 uuum
448 1857 480 1910 dc
490 1857 603 1910 Achillis
616 1873 739 1926 persono,
753 1857 939 1926 primumque
957 1855 1064 1908 consilio
1082 1854 1210 1907 Homerus

197 1948 292 1994 cuncto
311 1942 348 1995 ud
364 1960 419 1996 cam
437 1944 556 1997 retulerit
562 1966 575 2002 ,·
601 1943 692 1996 dende
706 1943 797 2012 quibus
815 1943 890 2011 quasi
906 1941 1032 2010 aradibus
1048 1941 1139 2010 quirice
1157 1939 1211 2007 ejus

194 2025 347 2095 imposuerit
370 2030 504 2082 cumulum.
550 2028 621 2088 Quid
642 2029 671 2080 in
695 2046 725 2081 co
749 2047 778 2081 re
802 2029 906 2081 ockout
930 2035 983 2080 tum
1004 2026 1132 2088 Patrocli,
1156 2032 1209 2077 tum

195 2112 321 2166 Hectoris
340 2115 473 2183 exsequia.
509 2115 677 2185 Componitur
688 2115 804 2168 Achilles
822 2128 879 2167 cum
897 2115 1006 2177 ceteris,
1022 2113 1110 2182 quiin
1126 2111 1210 2165 Iliade

195 2199 346 2262 laudantur,
359 2201 535 2256 bellatoribus.

238 2417 316 2488 TSI
330 2421 491 2491 nonnihil
509 2444 640 2503 vereor,
652 2419 871 2502 Academici,
886 2443 931 2488 ne
948 2420 985 2489 in
1002 2442 1073 2487 uno
1091 2417 1208 2487 forsan

263 2535 436 2606 curriculo
469 2536 574 2605 nimis
604 2537 665 2605 diu
695 2538 825 2605 versari
855 2537 984 2617 videar,
1017 2534 1209 2603 Homerica

161 2667 293 2735 tamen,
320 2660 357 2722 et
384 2653 527 2743 quidem
548 2650 737 2733 Achilleia,
761 2652 867 2720 tertia
887 2652 963 2743 jam
989 2650 1067 2719 vice
1093 2650 1209 2741 profe-

160 2769 269 2836 renda
292 2767 460 2858 judicavi.
521 2765 666 2836 Etenim
702 2789 783 2835 cum
815 2766 859 2834 de
892 2767 1056 2833 universa
1083 2763 1208 2834 Poetae

159 2883 280 2952 indole
300 2883 408 2952 fiebat
426 2884 587 2973 quaestio,
604 2881 693 2950 nihil
711 2881 799 2952 mihi
816 2882 994 2972 antiquius
1011 2881 1208 2962 videbatur,

162 3021 270 3090 quam
291 2998 400 3089 probe
423 3019 525 3067 nosse
551 2997 649 3066 illam
672 3020 869 3089 personam,
887 2997 943 3066 oui
961 2996 1082 3066 dedita
1104 3021 1210 3089 opera

159 3113 290 3204 primas
324 3110 384 3180 ille
419 3111 559 3181 detulit.
620 3110 739 3195 Quare
773 3112 876 3180 venia
910 3111 956 3180 sit
990 3111 1101 3190 nobie,
1136 3135 1207 3191 oro,

159 3230 289 3298 iterum
309 3228 386 3318 jam
409 3227 446 3295 in
469 3249 610 3297 scenam
629 3227 888 3297 deducentibus
904 3226 1096 3309 Achillem,
1115 3229 1208 3319 prin-

159 3345 276 3437 cipem
313 3343 415 3413 illum
456 3351 494 3413 et
524 3345 626 3435 ⁴quasi
667 3344 887 3413 conditorem
926 3345 1037 3412 totius
1075 3345 1207 3435 ubique

159 3457 312 3529 nationis
331 3455 504 3527 Heroum.

221 3574 338 3656 Quem
370 3573 547 3664 quoniam,
581 3581 624 3643 ut
657 3574 768 3665 potui,
799 3575 974 3644 vindicavi
1008 3577 1053 3645 ab
1087 3575 1208 3666 iniqua

159 3688 301 3759 Horatii
328 3710 485 3770 censura,
509 3696 652 3780 tempus
671 3691 747 3780 jam
774 3690 840 3759 erit
867 3691 1079 3782 exponendi,
1100 3713 1207 3780 quam

156 3806 326 3900 praeclare
351 3806 426 3897 ejus
448 3805 571 3898 gloriae
595 3808 762 3876 inserviat
786 3808 969 3877 universus
990 3807 1064 3876 fere
1085 3805 1207 3876 Iliadis

158 3923 352 3992 decursus:
404 3943 522 3990 rerum
564 3942 671 4001 nexu,
710 3921 832 3990 ordine
874 3943 1067 4002 causarum,
1110 3921 1207 3989 omni

157 4046 322 4130 respectu
360 4045 399 4106 et
436 4037 526 4106 serie
565 4038 729 4128 partium.
797 4037 946 4119 Deinde,
986 4037 1207 4106 conferamus

157 4176 240 4223 cum
283 4151 360 4222 aliis
398 4152 639 4235 bellatoribus
679 4176 765 4243 quos
808 4176 872 4222 suo
912 4175 1088 4244 quemque
1127 4151 1206 4221 loco

158 4268 308 4360 scriptor
333 4268 485 4350 induxit,
509 4270 660 4350 variatis,
684 4271 772 4338 mira
797 4279 882 4349 arte,
906 4269 1063 4338 moribus
1092 4268 1207 4359 cujus·
