2738 4866
159 289 292 384 σταται.
391 343 458 386 σασα
471 321 619 406 oolreptote
633 311 678 386 ud
689 331 807 407 termus
817 325 969 408 spectum·
1137 325 1201 391 159

367 490 527 563 Plerumque
537 489 620 561 gratu
633 490 762 545 divitibus
775 491 853 553 vices,

368 576 533 647 Mundaeque
545 593 627 646 parvo
639 576 692 630 sub
704 576 771 630 Lare
783 594 930 647 pauperum

403 660 505 732 coenae,
516 662 573 716 sine
585 662 676 717 aulaeis
688 671 715 716 et
726 670 808 726 ostro,
994 658 997 665 ’

438 749 574 803 Solicitam
586 749 735 819 explicuere
746 749 870 804 frontem.

157 886 280 997 litque
315 907 535 998 ee„quidem
570 907 638 977 hoc
667 916 828 1000 tempore
857 907 1000 988 adduxi,
1031 929 1102 976 non
1124 930 1207 1001 ‘quo

156 1022 329 1105 dubitem,
353 1013 545 1117 Virgilium
571 1044 618 1093 ex
645 1024 764 1093 animo
792 1023 939 1094 flumina
963 1044 1108 1104 amasse,
1125 1004 1203 1115 syl}

156 1159 304 1230 vasque:
340 1161 447 1229 quem
470 1161 579 1208 unum
605 1139 762 1208 omnium
787 1140 823 1207 in
846 1161 884 1208 re
908 1139 1038 1208 metica
1063 1160 1205 1238 semper

155 1237 386 1322 existimarim
404 1277 475 1323 uon
491 1254 598 1323 modo
611 1253 803 1346 plurimum
818 1255 945 1324 vidisse
956 1277 1079 1323 verum
1093 1255 1201 1324 etiam

154 1369 325 1438 acerrime
351 1371 508 1441 sensisse.
561 1369 620 1444 Sic
640 1378 763 1440 autem
780 1369 891 1441 ferme
914 1378 1053 1441 statuo:
1081 1393 1211 1471 quem-¹

155 1485 346 1554 admodum
384 1472 451 1555 usu
489 1487 587 1555 venit
630 1487 747 1577 pueris
781 1487 943 1568 divitum,
977 1495 1018 1556 ut
1055 1487 1210 1577 abjectis

156 1621 246 1692 saepe
281 1600 487 1694 insignibus,
517 1600 620 1693 palea
653 1601 776 1672 ludere
809 1602 964 1696 gestiant
1000 1625 1041 1672 ae
1070 1625 1209 1672 ramus.

156 1714 265 1798 culis3
289 1716 350 1808 qui
367 1723 488 1786 autem
506 1718 626 1811 egenis
644 1718 805 1787 oriuntur
821 1718 1035 1817 parentibus,
1053 1726 1094 1787 ut
1112 1727 1205 1807 attof

155 1830 220 1900 niti
239 1838 406 1924 stupeant
428 1856 525 1916 auro,
543 1856 707 1924 purpura,
725 1833 895 1926 gemmis:
923 1834 975 1903 ita
995 1833 1100 1925 plane
1119 1832 1205 1904 Vir-

154 1946 281 2040 gilium
298 1947 458 2043 iutelligo
476 1950 521 2020 ab
538 1950 664 2043 opibus
687 1960 724 2020 et
749 1950 829 2020 luce
850 1948 912 2019 illa
930 1948 1058 2021 Palatii
1070 1951 1206 2048 cupide

155 2085 195 2132 ac
213 2061 367 2133 libenter
383 2065 522 2135 avolare
539 2067 583 2135 ad
601 2088 698 2136 casas
715 2088 795 2138 suas
812 2074 850 2135 et
867 2075 1001 2148 aratra3
1029 2065 1207 2149 Homero,'

154 2201 259 2270 gazas
282 2178 432 2270 placere,
451 2189 487 2251 et
510 2203 635 2275 regum
658 2182 768 2250 atria:
794 2162 996 2272 utrumque,
1014 2191 1056 2252 ut
1074 2182 1126 2267 fit,
1145 2205 1204 2252 eas

154 2292 311 2363 maxime
337 2317 392 2366 res
417 2295 592 2380 admirari,
610 2321 687 2390 quae
705 2298 776 2368 sint
799 2321 821 2367 a
844 2320 907 2367 sua
924 2297 1067 2368 fortuna
1084 2298 1205 2390 paullo

155 2409 374 2480 remotiores.
1194 2476 1196 2479 .

206 2523 279 2594 Sed
310 2525 354 2594 de
385 2525 536 2621 Virgilio
564 2528 649 2598 alias
680 2529 819 2598 videro:
855 2552 964 2600 unum
993 2527 1107 2599 solnm
1136 2529 1209 2598 hoo·

155 2646 317 2732 tempore
335 2665 380 2711 ex
398 2642 511 2714 Iliade
533 2643 658 2714 afferre
681 2643 810 2727 liceat;
836 2646 931 2736 quod
951 2645 1100 2713 mirifice
1118 2667 1205 2734 quo-

156 2757 347 2826 dammodo
371 2759 461 2850 sapit
485 2759 667 2830 homiuem
688 2761 787 2830 victu
811 2762 1026 2832 vendentem
1049 2784 1210 2857 operam„

157 2871 284 2943 Nostis
314 2873 480 2956 fabulam,
508 2876 742 2947 subrusticam
770 2900 863 2958 sane,
891 2879 935 2946 de
964 2876 1139 2968 Neptuno
1167 2886 1211 2947 et

156 2985 338 3079 Apolline,
356 2988 445 3058 coelo
471 2989 708 3074 exulantibus,
726 2993 891 3062 mercede
917 3015 938 3060 a
960 2990 1206 3060 Laomedonte

156 3104 351 3173 conductis.
381 3103 485 3174 Hane
502 3129 523 3176 a
540 3107 719 3177 veteribus
738 3115 924 3199 acceptam
942 3105 1117 3197 Neptuno
1141 3128 1212 3175 suo,

158 3218 283 3288 tribuit
303 3218 482 3290 Homerus
492 3217 512 3292 ¹.

298 3395 372 3454 Ἀλλ’
385 3395 429 3450 ὅτε
441 3396 472 3466 δν)
483 3387 590 3467 μισθοῖο
601 3383 680 3456 τέλος
691 3399 852 3471 πολυγηθέες
858 3397 937 3469 Ὧραι

298 3482 434 3555 ἐξέφερον,
445 3486 504 3538 τότε
516 3490 562 3539 uiri
571 3484 684 3555 βιήσατο
695 3486 791 3556 μισθὸν
803 3488 902 3542 ἅπαντα

299 3569 435 3638 Λαομέδων
447 3571 584 3642 ἔκπαγλος,
597 3571 740 3641 ἀπειλήσας
752 3573 774 3627 δ’
787 3573 935 3642 ἀπέπεμπεν
938 3611 1032 3627 ......

299 3661 345 3709 νῶΐ
356 3654 387 3709 δέ
395 3655 417 3710 τ’
429 3656 545 3729 ὅψοῤῥοι
556 3658 644 3728 κίομεν
655 3659 785 3735 cruor-iperi
797 3659 878 3734 θυμῷ,

298 3742 394 3810 μισθοῦ
405 3746 540 3814 χωόμενοι,
552 3746 597 3799 τὸν
609 3746 726 3802 ὑποστὰς
737 3747 784 3799 οὐκ
796 3746 948 3801 ἐτέλεσσεν.

158 3896 342 3968 Nimirum
367 3901 534 3991 operariis
559 3900 653 3970 horae
680 3910 763 3971 sunt
790 3897 1003 3990 πολυγηθέες,
1034 3886 1215 3964 redeunte

157 4014 302 4102 demum
320 4017 521 4085 mercedem
538 4017 730 4108 reeipiendi
747 4026 928 4109 tempore:
959 4013 995 4081 id
1013 4010 1108 4109 quod
1129 4032 1208 4102 gra-

157 4128 308 4199 vissimis
340 4129 454 4201 verbis
481 4131 586 4200 docet
620 4130 759 4201 divinus
793 4131 854 4200 ille
885 4126 1073 4198 Hebraicae
1101 4124 1208 4217 Legis

159 4242 350 4336 Interpres‚
385 4246 446 4335 qui
481 4253 518 4314 et
552 4244 627 4336 ipse
662 4247 849 4337 aliquando
884 4266 1019 4335 pauper
1053 4250 1090 4310 et
1124 4237 1208 4321 exul

583 4452 590 4484 ¹
608 4453 640 4507 ll.
655 4454 709 4508 xxi.
723 4466 784 4519 450.
