<?xml version="1.0" encoding="UTF-8"?>
<!DOCTYPE html PUBLIC "-//W3C//DTD XHTML 1.0 Transitional//EN"
    "http://www.w3.org/TR/xhtml1/DTD/xhtml1-transitional.dtd">
<html xmlns="http://www.w3.org/1999/xhtml" xml:lang="en" lang="en">
 <head>
  <title>
</title>
<meta http-equiv="Content-Type" content="text/html;charset=utf-8" />
  <meta name='ocr-system' content='tesseract 3.04.00' />
  <meta name='ocr-capabilities' content='ocr_page ocr_carea ocr_par ocr_line ocrx_word'/>
</head>
<body>
  <div class='ocr_page' id='page_1' title='image "./depoeticaevimed01keblgoog_0040.png"; bbox 0 0 2738 4866; ppageno 0'>
   <div class='ocr_carea' id='block_1_1' title="bbox 158 336 1210 422">
    <p class='ocr_par' dir='ltr' id='par_1_1' title="bbox 158 336 1210 422">
     <span class='ocr_line' id='line_1_1' title="bbox 158 336 1210 422; baseline 0.003 -24"><span class='ocrx_word' id='word_1_1' title='bbox 158 359 253 401; x_wconf 78' lang='lat' dir='ltr'>rnnu.</span> <span class='ocrx_word' id='word_1_2' title='bbox 266 361 311 401; x_wconf 89' lang='lat'><em>111.</em></span> <span class='ocrx_word' id='word_1_3' title='bbox 337 338 562 422; x_wconf 66' lang='lat' dir='ltr'>deciperentur</span> <span class='ocrx_word' id='word_1_4' title='bbox 576 336 654 399; x_wconf 76' lang='lat' dir='ltr'>inter</span> <span class='ocrx_word' id='word_1_5' title='bbox 667 357 697 400; x_wconf 80' lang='lat' dir='ltr'>so</span> <span class='ocrx_word' id='word_1_6' title='bbox 711 337 821 399; x_wconf 72' lang='lat' dir='ltr'>mmmt&#39;</span> <span class='ocrx_word' id='word_1_7' title='bbox 835 336 894 400; x_wconf 69' lang='lat' dir='ltr'>dito</span> <span class='ocrx_word' id='word_1_8' title='bbox 909 338 1056 401; x_wconf 78' lang='lat' dir='ltr'>Pictoros.</span> <span class='ocrx_word' id='word_1_9' title='bbox 1166 340 1210 408; x_wconf 66' lang='lat'>27</span> 
     </span>
    </p>
   </div>
   <div class='ocr_carea' id='block_1_2' title="bbox 157 495 1210 1400">
    <p class='ocr_par' dir='ltr' id='par_1_2' title="bbox 157 495 1210 942">
     <span class='ocr_line' id='line_1_2' title="bbox 157 495 1210 600; baseline 0.001 -25"><span class='ocrx_word' id='word_1_10' title='bbox 157 508 331 600; x_wconf 87' lang='lat' dir='ltr'>ignorant,</span> <span class='ocrx_word' id='word_1_11' title='bbox 346 495 521 598; x_wconf 86' lang='lat' dir='ltr'>praecepta</span> <span class='ocrx_word' id='word_1_12' title='bbox 537 507 658 589; x_wconf 90' lang='lat' dir='ltr'>edunt,</span> <span class='ocrx_word' id='word_1_13' title='bbox 672 507 897 598; x_wconf 78' lang='lat' dir='ltr'>ineptissima</span> <span class='ocrx_word' id='word_1_14' title='bbox 910 506 1117 599; x_wconf 74' lang='lat' dir='ltr'>arrogantiae</span> <span class='ocrx_word' id='word_1_15' title='bbox 1135 529 1210 576; x_wconf 89' lang='lat' dir='ltr'>me-</span> 
     </span>
     <span class='ocr_line' id='line_1_3' title="bbox 160 621 1209 713; baseline 0.005 -24"><span class='ocrx_word' id='word_1_16' title='bbox 160 623 229 690; x_wconf 91' lang='lat' dir='ltr'>rito</span> <span class='ocrx_word' id='word_1_17' title='bbox 245 621 514 691; x_wconf 80' lang='lat' dir='ltr'>insimulantur:</span> <span class='ocrx_word' id='word_1_18' title='bbox 541 622 594 690; x_wconf 88' lang='lat' dir='ltr'>sin</span> <span class='ocrx_word' id='word_1_19' title='bbox 612 644 654 691; x_wconf 88' lang='lat' dir='ltr'>ea</span> <span class='ocrx_word' id='word_1_20' title='bbox 672 629 812 690; x_wconf 91' lang='lat' dir='ltr'>tantum</span> <span class='ocrx_word' id='word_1_21' title='bbox 830 629 1004 691; x_wconf 88' lang='lat' dir='ltr'>conantur</span> <span class='ocrx_word' id='word_1_22' title='bbox 1020 622 1209 713; x_wconf 85' lang='lat' dir='ltr'>explicare,</span> 
     </span>
     <span class='ocr_line' id='line_1_4' title="bbox 161 719 1209 827; baseline 0.004 -23"><span class='ocrx_word' id='word_1_23' title='bbox 161 759 238 826; x_wconf 88' lang='lat' dir='ltr'>quae</span> <span class='ocrx_word' id='word_1_24' title='bbox 255 738 292 804; x_wconf 94' lang='lat' dir='ltr'>in</span> <span class='ocrx_word' id='word_1_25' title='bbox 310 737 489 805; x_wconf 90' lang='lat' dir='ltr'>communi</span> <span class='ocrx_word' id='word_1_26' title='bbox 506 719 692 805; x_wconf 89' lang='lat' dir='ltr'>hominum</span> <span class='ocrx_word' id='word_1_27' title='bbox 710 759 825 818; x_wconf 91' lang='lat' dir='ltr'>sensu,</span> <span class='ocrx_word' id='word_1_28' title='bbox 842 744 951 827; x_wconf 87' lang='lat' dir='ltr'>atque</span> <span class='ocrx_word' id='word_1_29' title='bbox 968 736 1006 803; x_wconf 93' lang='lat' dir='ltr'>in</span> <span class='ocrx_word' id='word_1_30' title='bbox 1023 735 1209 808; x_wconf 83' lang='lat' dir='ltr'>affectibus</span> 
     </span>
     <span class='ocr_line' id='line_1_5' title="bbox 159 851 1188 942; baseline 0.002 -24"><span class='ocrx_word' id='word_1_31' title='bbox 159 851 319 920; x_wconf 90' lang='lat' dir='ltr'>omniurn</span> <span class='ocrx_word' id='word_1_32' title='bbox 336 859 419 920; x_wconf 89' lang='lat' dir='ltr'>sunt</span> <span class='ocrx_word' id='word_1_33' title='bbox 435 852 561 942; x_wconf 89' lang='lat' dir='ltr'>posita,</span> <span class='ocrx_word' id='word_1_34' title='bbox 579 851 682 919; x_wconf 85' lang='lat' dir='ltr'>venia</span> <span class='ocrx_word' id='word_1_35' title='bbox 700 851 876 919; x_wconf 88' lang='lat' dir='ltr'>donantur</span> <span class='ocrx_word' id='word_1_36' title='bbox 893 851 1003 920; x_wconf 90' lang='lat' dir='ltr'>etiam</span> <span class='ocrx_word' id='word_1_37' title='bbox 1021 859 1188 920; x_wconf 79' lang='lat' dir='ltr'>errantes,</span> 
     </span>
    </p>

    <p class='ocr_par' dir='ltr' id='par_1_3' title="bbox 159 965 1209 1400">
     <span class='ocr_line' id='line_1_6' title="bbox 210 965 1209 1058; baseline 0.001 -22"><span class='ocrx_word' id='word_1_38' title='bbox 210 967 303 1036; x_wconf 84' lang='lat' dir='ltr'>Cum</span> <span class='ocrx_word' id='word_1_39' title='bbox 325 966 435 1058; x_wconf 91' lang='lat' dir='ltr'>igitur</span> <span class='ocrx_word' id='word_1_40' title='bbox 457 967 552 1056; x_wconf 91' lang='lat' dir='ltr'>apud</span> <span class='ocrx_word' id='word_1_41' title='bbox 568 988 631 1034; x_wconf 84' lang='lat' dir='ltr'>vos</span> <span class='ocrx_word' id='word_1_42' title='bbox 647 965 716 1035; x_wconf 92' lang='lat' dir='ltr'>hoc</span> <span class='ocrx_word' id='word_1_43' title='bbox 727 966 809 1056; x_wconf 91' lang='lat' dir='ltr'>jure</span> <span class='ocrx_word' id='word_1_44' title='bbox 834 965 996 1034; x_wconf 87' lang='lat' dir='ltr'>futurum</span> <span class='ocrx_word' id='word_1_45' title='bbox 1021 988 1080 1035; x_wconf 90' lang='lat' dir='ltr'>me</span> <span class='ocrx_word' id='word_1_46' title='bbox 1102 965 1209 1037; x_wconf 87' lang='lat' dir='ltr'>hodie</span> 
     </span>
     <span class='ocr_line' id='line_1_7' title="bbox 160 1079 1209 1172; baseline 0 -23"><span class='ocrx_word' id='word_1_47' title='bbox 160 1103 318 1171; x_wconf 86' lang='lat' dir='ltr'>sperem3</span> <span class='ocrx_word' id='word_1_48' title='bbox 349 1080 433 1170; x_wconf 92' lang='lat' dir='ltr'>quid</span> <span class='ocrx_word' id='word_1_49' title='bbox 456 1081 492 1149; x_wconf 89' lang='lat' dir='ltr'>in</span> <span class='ocrx_word' id='word_1_50' title='bbox 509 1081 623 1172; x_wconf 90' lang='lat' dir='ltr'>pictis,</span> <span class='ocrx_word' id='word_1_51' title='bbox 642 1080 728 1170; x_wconf 91' lang='lat' dir='ltr'>quid</span> <span class='ocrx_word' id='word_1_52' title='bbox 745 1080 781 1149; x_wconf 93' lang='lat' dir='ltr'>in</span> <span class='ocrx_word' id='word_1_53' title='bbox 800 1079 945 1162; x_wconf 71' lang='lat' dir='ltr'>caelatis,</span> <span class='ocrx_word' id='word_1_54' title='bbox 965 1079 1049 1171; x_wconf 93' lang='lat' dir='ltr'>quid</span> <span class='ocrx_word' id='word_1_55' title='bbox 1071 1080 1109 1148; x_wconf 93' lang='lat' dir='ltr'>iu</span> <span class='ocrx_word' id='word_1_56' title='bbox 1132 1079 1209 1149; x_wconf 89' lang='lat' dir='ltr'>aliis</span> 
     </span>
     <span class='ocr_line' id='line_1_8' title="bbox 159 1192 1209 1285; baseline -0.001 -21"><span class='ocrx_word' id='word_1_57' title='bbox 159 1196 332 1285; x_wconf 88' lang='lat' dir='ltr'>ejusmodi</span> <span class='ocrx_word' id='word_1_58' title='bbox 359 1195 523 1285; x_wconf 85' lang='lat' dir='ltr'>operibus</span> <span class='ocrx_word' id='word_1_59' title='bbox 546 1216 628 1263; x_wconf 90' lang='lat' dir='ltr'>cum</span> <span class='ocrx_word' id='word_1_60' title='bbox 648 1192 753 1264; x_wconf 89' lang='lat' dir='ltr'>Poesi</span> <span class='ocrx_word' id='word_1_61' title='bbox 778 1194 1009 1285; x_wconf 88' lang='lat' dir='ltr'>conjunctum</span> <span class='ocrx_word' id='word_1_62' title='bbox 1035 1195 1209 1277; x_wconf 89' lang='lat' dir='ltr'>videatur,</span> 
     </span>
     <span class='ocr_line' id='line_1_9' title="bbox 159 1308 701 1400; baseline 0 -24"><span class='ocrx_word' id='word_1_63' title='bbox 159 1308 250 1378; x_wconf 88' lang='lat' dir='ltr'>sicut</span> <span class='ocrx_word' id='word_1_64' title='bbox 267 1331 359 1379; x_wconf 89' lang='lat' dir='ltr'>unus</span> <span class='ocrx_word' id='word_1_65' title='bbox 375 1309 420 1378; x_wconf 89' lang='lat' dir='ltr'>de</span> <span class='ocrx_word' id='word_1_66' title='bbox 437 1308 554 1400; x_wconf 88' lang='lat' dir='ltr'>plebe,</span> <span class='ocrx_word' id='word_1_67' title='bbox 572 1308 701 1377; x_wconf 90' lang='lat' dir='ltr'>dicam.</span> 
     </span>
    </p>
   </div>
   <div class='ocr_carea' id='block_1_3' title="bbox 154 1650 1208 3687">
    <p class='ocr_par' dir='ltr' id='par_1_4' title="bbox 154 1650 1208 3687">
     <span class='ocr_line' id='line_1_10' title="bbox 158 1650 1208 1744; baseline 0 -23"><span class='ocrx_word' id='word_1_68' title='bbox 158 1686 162 1691; x_wconf 97' lang='lat'>·</span> <span class='ocrx_word' id='word_1_69' title='bbox 209 1650 343 1744; x_wconf 85' lang='lat' dir='ltr'>Atque,</span> <span class='ocrx_word' id='word_1_70' title='bbox 373 1660 415 1722; x_wconf 95' lang='lat' dir='ltr'>ut</span> <span class='ocrx_word' id='word_1_71' title='bbox 443 1653 481 1722; x_wconf 92' lang='lat' dir='ltr'>in</span> <span class='ocrx_word' id='word_1_72' title='bbox 508 1652 661 1722; x_wconf 83' lang='lat' dir='ltr'>Pictoris</span> <span class='ocrx_word' id='word_1_73' title='bbox 689 1651 804 1743; x_wconf 91' lang='lat' dir='ltr'>primo</span> <span class='ocrx_word' id='word_1_74' title='bbox 831 1651 917 1743; x_wconf 92' lang='lat' dir='ltr'>quid</span> <span class='ocrx_word' id='word_1_75' title='bbox 947 1652 1055 1722; x_wconf 86' lang='lat' dir='ltr'>velim</span> <span class='ocrx_word' id='word_1_76' title='bbox 1080 1652 1208 1722; x_wconf 91' lang='lat' dir='ltr'>melius</span> 
     </span>
     <span class='ocr_line' id='line_1_11' title="bbox 157 1765 1208 1859; baseline -0.001 -24"><span class='ocrx_word' id='word_1_77' title='bbox 157 1769 373 1852; x_wconf 86' lang='lat' dir='ltr'>innotescat3</span> <span class='ocrx_word' id='word_1_78' title='bbox 396 1791 649 1859; x_wconf 84' lang='lat' dir='ltr'>componamus</span> <span class='ocrx_word' id='word_1_79' title='bbox 662 1766 923 1858; x_wconf 84' lang='lat' dir='ltr'>aliquantisper,</span> <span class='ocrx_word' id='word_1_80' title='bbox 938 1767 967 1836; x_wconf 91' lang='lat' dir='ltr'>si</span> <span class='ocrx_word' id='word_1_81' title='bbox 979 1766 1078 1847; x_wconf 91' lang='lat' dir='ltr'>libet,</span> <span class='ocrx_word' id='word_1_82' title='bbox 1093 1765 1208 1856; x_wconf 90' lang='lat' dir='ltr'>splen·</span> 
     </span>
     <span class='ocr_line' id='line_1_12' title="bbox 158 1879 1207 1972; baseline 0 -23"><span class='ocrx_word' id='word_1_83' title='bbox 158 1880 379 1950; x_wconf 89' lang='lat' dir='ltr'>didissimum</span> <span class='ocrx_word' id='word_1_84' title='bbox 411 1881 501 1950; x_wconf 91' lang='lat' dir='ltr'>illud</span> <span class='ocrx_word' id='word_1_85' title='bbox 530 1879 705 1949; x_wconf 87' lang='lat' dir='ltr'>nobilium</span> <span class='ocrx_word' id='word_1_86' title='bbox 736 1879 918 1950; x_wconf 82' lang='lat' dir='ltr'>Pictorum</span> <span class='ocrx_word' id='word_1_87' title='bbox 952 1903 1026 1972; x_wconf 92' lang='lat' dir='ltr'>par,</span> <span class='ocrx_word' id='word_1_88' title='bbox 1057 1902 1207 1971; x_wconf 93' lang='lat' dir='ltr'>quorum</span> 
     </span>
     <span class='ocr_line' id='line_1_13' title="bbox 158 1993 1206 2085; baseline -0.001 -20"><span class='ocrx_word' id='word_1_89' title='bbox 158 1996 250 2065; x_wconf 88' lang='lat' dir='ltr'>alter</span> <span class='ocrx_word' id='word_1_90' title='bbox 266 1994 377 2065; x_wconf 91' lang='lat' dir='ltr'>Italos</span> <span class='ocrx_word' id='word_1_91' title='bbox 402 2003 546 2065; x_wconf 91' lang='lat' dir='ltr'>tantum</span> <span class='ocrx_word' id='word_1_92' title='bbox 570 2018 643 2064; x_wconf 90' lang='lat' dir='ltr'>non</span> <span class='ocrx_word' id='word_1_93' title='bbox 668 2017 801 2077; x_wconf 88' lang='lat' dir='ltr'>omnes,</span> <span class='ocrx_word' id='word_1_94' title='bbox 823 1993 915 2065; x_wconf 84' lang='lat' dir='ltr'>alter</span> <span class='ocrx_word' id='word_1_95' title='bbox 936 1996 1127 2078; x_wconf 85' lang='lat' dir='ltr'>universos,</span> <span class='ocrx_word' id='word_1_96' title='bbox 1146 1995 1206 2085; x_wconf 93' lang='lat' dir='ltr'>qui</span> 
     </span>
     <span class='ocr_line' id='line_1_14' title="bbox 157 2109 1208 2202; baseline -0.001 -23"><span class='ocrx_word' id='word_1_97' title='bbox 157 2133 315 2201; x_wconf 92' lang='lat' dir='ltr'>unquam</span> <span class='ocrx_word' id='word_1_98' title='bbox 338 2111 448 2193; x_wconf 86' lang='lat' dir='ltr'>fuere,</span> <span class='ocrx_word' id='word_1_99' title='bbox 469 2109 610 2201; x_wconf 89' lang='lat' dir='ltr'>Belgas,</span> <span class='ocrx_word' id='word_1_100' title='bbox 634 2109 793 2191; x_wconf 89' lang='lat' dir='ltr'>artificio,</span> <span class='ocrx_word' id='word_1_101' title='bbox 817 2111 927 2201; x_wconf 90' lang='lat' dir='ltr'>copia,</span> <span class='ocrx_word' id='word_1_102' title='bbox 952 2110 1125 2202; x_wconf 91' lang='lat' dir='ltr'>dignitate</span> <span class='ocrx_word' id='word_1_103' title='bbox 1151 2132 1208 2178; x_wconf 88' lang='lat' dir='ltr'>su-</span> 
     </span>
     <span class='ocr_line' id='line_1_15' title="bbox 158 2224 1205 2317; baseline -0.001 -23"><span class='ocrx_word' id='word_1_104' title='bbox 158 2225 305 2317; x_wconf 82' lang='lat' dir='ltr'>peravit.</span> <span class='ocrx_word' id='word_1_105' title='bbox 357 2224 416 2306; x_wconf 88' lang='lat' dir='ltr'>Et,</span> <span class='ocrx_word' id='word_1_106' title='bbox 445 2247 515 2315; x_wconf 92' lang='lat' dir='ltr'>quo</span> <span class='ocrx_word' id='word_1_107' title='bbox 542 2224 704 2314; x_wconf 90' lang='lat' dir='ltr'>propiore</span> <span class='ocrx_word' id='word_1_108' title='bbox 735 2225 828 2292; x_wconf 90' lang='lat' dir='ltr'>inter</span> <span class='ocrx_word' id='word_1_109' title='bbox 857 2246 905 2305; x_wconf 90' lang='lat' dir='ltr'>se,</span> <span class='ocrx_word' id='word_1_110' title='bbox 932 2232 975 2292; x_wconf 93' lang='lat' dir='ltr'>ut</span> <span class='ocrx_word' id='word_1_111' title='bbox 1001 2226 1053 2292; x_wconf 90' lang='lat' dir='ltr'>ita</span> <span class='ocrx_word' id='word_1_112' title='bbox 1080 2225 1205 2306; x_wconf 90' lang='lat' dir='ltr'>dicam,</span> 
     </span>
     <span class='ocr_line' id='line_1_16' title="bbox 158 2337 1206 2429; baseline -0.002 -20"><span class='ocrx_word' id='word_1_113' title='bbox 158 2339 279 2409; x_wconf 91' lang='lat' dir='ltr'>Marte</span> <span class='ocrx_word' id='word_1_114' title='bbox 304 2338 583 2418; x_wconf 81' lang='lat' dir='ltr'>committantur,</span> <span class='ocrx_word' id='word_1_115' title='bbox 605 2337 715 2406; x_wconf 88' lang='lat' dir='ltr'>etiam</span> <span class='ocrx_word' id='word_1_116' title='bbox 737 2338 775 2405; x_wconf 92' lang='lat' dir='ltr'>iu</span> <span class='ocrx_word' id='word_1_117' title='bbox 798 2338 924 2407; x_wconf 91' lang='lat' dir='ltr'>eadem</span> <span class='ocrx_word' id='word_1_118' title='bbox 949 2338 1099 2407; x_wconf 90' lang='lat' dir='ltr'>materia</span> <span class='ocrx_word' id='word_1_119' title='bbox 1121 2340 1206 2429; x_wconf 91' lang='lat' dir='ltr'>quid</span> 
     </span>
     <span class='ocr_line' id='line_1_17' title="bbox 157 2450 1208 2545; baseline -0.001 -22"><span class='ocrx_word' id='word_1_120' title='bbox 157 2463 307 2545; x_wconf 90' lang='lat' dir='ltr'>uterque</span> <span class='ocrx_word' id='word_1_121' title='bbox 325 2451 481 2521; x_wconf 86' lang='lat' dir='ltr'>effecerit</span> <span class='ocrx_word' id='word_1_122' title='bbox 494 2459 704 2542; x_wconf 86' lang='lat' dir='ltr'>spectemus.</span> <span class='ocrx_word' id='word_1_123' title='bbox 741 2450 808 2519; x_wconf 91' lang='lat' dir='ltr'>Ille</span> <span class='ocrx_word' id='word_1_124' title='bbox 821 2450 1095 2542; x_wconf 86' lang='lat' dir='ltr'>pulcherrimam</span> <span class='ocrx_word' id='word_1_125' title='bbox 1108 2475 1208 2523; x_wconf 88' lang='lat' dir='ltr'>sanc-</span> 
     </span>
     <span class='ocr_line' id='line_1_18' title="bbox 158 2565 1207 2660; baseline 0 -22"><span class='ocrx_word' id='word_1_126' title='bbox 158 2569 284 2639; x_wconf 87' lang='lat' dir='ltr'>tissimi</span> <span class='ocrx_word' id='word_1_127' title='bbox 318 2567 400 2638; x_wconf 87' lang='lat' dir='ltr'>Filii</span> <span class='ocrx_word' id='word_1_128' title='bbox 434 2589 515 2636; x_wconf 91' lang='lat' dir='ltr'>cum</span> <span class='ocrx_word' id='word_1_129' title='bbox 547 2565 668 2636; x_wconf 89' lang='lat' dir='ltr'>Matre</span> <span class='ocrx_word' id='word_1_130' title='bbox 701 2566 893 2659; x_wconf 86' lang='lat' dir='ltr'>imaginem</span> <span class='ocrx_word' id='word_1_131' title='bbox 926 2567 1091 2658; x_wconf 73' lang='lat' dir='ltr'>pinxit²:</span> <span class='ocrx_word' id='word_1_132' title='bbox 1128 2591 1207 2660; x_wconf 89' lang='lat' dir='ltr'>quae</span> 
     </span>
     <span class='ocr_line' id='line_1_19' title="bbox 157 2680 1206 2775; baseline -0.001 -22"><span class='ocrx_word' id='word_1_133' title='bbox 157 2684 252 2775; x_wconf 89' lang='lat' dir='ltr'>apud</span> <span class='ocrx_word' id='word_1_134' title='bbox 276 2683 436 2752; x_wconf 85' lang='lat' dir='ltr'>Saxones</span> <span class='ocrx_word' id='word_1_135' title='bbox 459 2682 503 2750; x_wconf 93' lang='lat' dir='ltr'>ad</span> <span class='ocrx_word' id='word_1_136' title='bbox 527 2680 729 2771; x_wconf 88' lang='lat' dir='ltr'>hocusque</span> <span class='ocrx_word' id='word_1_137' title='bbox 756 2688 899 2772; x_wconf 89' lang='lat' dir='ltr'>tempus</span> <span class='ocrx_word' id='word_1_138' title='bbox 927 2690 1106 2765; x_wconf 61' lang='lat' dir='ltr'>servatum</span> <span class='ocrx_word' id='word_1_139' title='bbox 1143 2684 1206 2753; x_wconf 91' lang='lat' dir='ltr'>sed</span> 
     </span>
     <span class='ocr_line' id='line_1_20' title="bbox 156 2793 1207 2889; baseline 0 -24"><span class='ocrx_word' id='word_1_140' title='bbox 156 2797 250 2889; x_wconf 90' lang='lat' dir='ltr'>apud</span> <span class='ocrx_word' id='word_1_141' title='bbox 277 2819 341 2865; x_wconf 91' lang='lat' dir='ltr'>nos</span> <span class='ocrx_word' id='word_1_142' title='bbox 367 2796 487 2876; x_wconf 90' lang='lat' dir='ltr'>etiam,</span> <span class='ocrx_word' id='word_1_143' title='bbox 510 2802 596 2863; x_wconf 90' lang='lat' dir='ltr'>noto</span> <span class='ocrx_word' id='word_1_144' title='bbox 622 2811 664 2863; x_wconf 85' lang='lat' dir='ltr'>ac</span> <span class='ocrx_word' id='word_1_145' title='bbox 691 2793 786 2863; x_wconf 85' lang='lat' dir='ltr'>felici</span> <span class='ocrx_word' id='word_1_146' title='bbox 812 2794 971 2875; x_wconf 89' lang='lat' dir='ltr'>artifici0,</span> <span class='ocrx_word' id='word_1_147' title='bbox 997 2796 1207 2888; x_wconf 88' lang='lat' dir='ltr'>pervulgan-</span> 
     </span>
     <span class='ocr_line' id='line_1_21' title="bbox 156 2905 1205 3000; baseline -0.001 -21"><span class='ocrx_word' id='word_1_148' title='bbox 156 2919 217 2980; x_wconf 86' lang='lat' dir='ltr'>tur</span> <span class='ocrx_word' id='word_1_149' title='bbox 238 2909 315 3000; x_wconf 89' lang='lat' dir='ltr'>ejus</span> <span class='ocrx_word' id='word_1_150' title='bbox 340 2907 462 2999; x_wconf 89' lang='lat' dir='ltr'>primae</span> <span class='ocrx_word' id='word_1_151' title='bbox 485 2907 623 2990; x_wconf 88' lang='lat' dir='ltr'>saltem,</span> <span class='ocrx_word' id='word_1_152' title='bbox 649 2908 824 2997; x_wconf 84' lang='lat' dir='ltr'>rudesque</span> <span class='ocrx_word' id='word_1_153' title='bbox 845 2905 921 2976; x_wconf 90' lang='lat' dir='ltr'>sine</span> <span class='ocrx_word' id='word_1_154' title='bbox 946 2905 1063 2975; x_wconf 90' lang='lat' dir='ltr'>colore</span> <span class='ocrx_word' id='word_1_155' title='bbox 1084 2905 1205 2978; x_wconf 77' lang='lat' dir='ltr'>linea:</span> 
     </span>
     <span class='ocr_line' id='line_1_22' title="bbox 156 3023 1205 3113; baseline 0.001 -22"><span class='ocrx_word' id='word_1_156' title='bbox 156 3032 199 3091; x_wconf 93' lang='lat' dir='ltr'>ut</span> <span class='ocrx_word' id='word_1_157' title='bbox 225 3046 331 3092; x_wconf 89' lang='lat' dir='ltr'>nemo</span> <span class='ocrx_word' id='word_1_158' title='bbox 355 3024 401 3092; x_wconf 88' lang='lat' dir='ltr'>sit</span> <span class='ocrx_word' id='word_1_159' title='bbox 427 3023 645 3113; x_wconf 90' lang='lat' dir='ltr'>picturarum</span> <span class='ocrx_word' id='word_1_160' title='bbox 675 3023 860 3102; x_wconf 90' lang='lat' dir='ltr'>amantior,</span> <span class='ocrx_word' id='word_1_161' title='bbox 883 3042 989 3110; x_wconf 91' lang='lat' dir='ltr'>quem</span> <span class='ocrx_word' id='word_1_162' title='bbox 1013 3043 1085 3090; x_wconf 90' lang='lat' dir='ltr'>non</span> <span class='ocrx_word' id='word_1_163' title='bbox 1114 3023 1205 3092; x_wconf 87' lang='lat' dir='ltr'>curi·</span> 
     </span>
     <span class='ocr_line' id='line_1_23' title="bbox 156 3134 1205 3233; baseline 0.002 -27"><span class='ocrx_word' id='word_1_164' title='bbox 156 3160 227 3219; x_wconf 90' lang='lat' dir='ltr'>oso,</span> <span class='ocrx_word' id='word_1_165' title='bbox 254 3146 296 3207; x_wconf 85' lang='lat' dir='ltr'>ut</span> <span class='ocrx_word' id='word_1_166' title='bbox 325 3138 376 3218; x_wconf 86' lang='lat' dir='ltr'>lit,</span> <span class='ocrx_word' id='word_1_167' title='bbox 395 3137 506 3233; x_wconf 68' lang='lat' dir='ltr'>⁴oculo</span> <span class='ocrx_word' id='word_1_168' title='bbox 532 3136 610 3205; x_wconf 90' lang='lat' dir='ltr'>illas</span> <span class='ocrx_word' id='word_1_169' title='bbox 633 3136 822 3226; x_wconf 90' lang='lat' dir='ltr'>aliquando</span> <span class='ocrx_word' id='word_1_170' title='bbox 848 3134 1026 3225; x_wconf 83' lang='lat' dir='ltr'>aspexisse</span> <span class='ocrx_word' id='word_1_171' title='bbox 1052 3137 1205 3208; x_wconf 88' lang='lat' dir='ltr'>credam.</span> 
     </span>
     <span class='ocr_line' id='line_1_24' title="bbox 156 3249 1206 3340; baseline 0.001 -21"><span class='ocrx_word' id='word_1_172' title='bbox 156 3250 253 3333; x_wconf 83' lang='lat' dir='ltr'>Quas</span> <span class='ocrx_word' id='word_1_173' title='bbox 286 3249 528 3330; x_wconf 90' lang='lat' dir='ltr'>recordamini,</span> <span class='ocrx_word' id='word_1_174' title='bbox 557 3272 689 3340; x_wconf 88' lang='lat' dir='ltr'>quaeso,</span> <span class='ocrx_word' id='word_1_175' title='bbox 716 3249 905 3340; x_wconf 89' lang='lat' dir='ltr'>paulisper,</span> <span class='ocrx_word' id='word_1_176' title='bbox 936 3257 1044 3339; x_wconf 87' lang='lat' dir='ltr'>atque</span> <span class='ocrx_word' id='word_1_177' title='bbox 1078 3251 1206 3320; x_wconf 88' lang='lat' dir='ltr'>animis</span> 
     </span>
     <span class='ocr_line' id='line_1_25' title="bbox 155 3363 1207 3435; baseline 0 -2"><span class='ocrx_word' id='word_1_178' title='bbox 155 3363 280 3434; x_wconf 86' lang='lat' dir='ltr'>vestris</span> <span class='ocrx_word' id='word_1_179' title='bbox 306 3364 504 3433; x_wconf 89' lang='lat' dir='ltr'>intuemini.</span> <span class='ocrx_word' id='word_1_180' title='bbox 557 3364 721 3435; x_wconf 89' lang='lat' dir='ltr'>Recolite</span> <span class='ocrx_word' id='word_1_181' title='bbox 750 3365 934 3433; x_wconf 84' lang='lat' dir='ltr'>vobiscum</span> <span class='ocrx_word' id='word_1_182' title='bbox 964 3364 1115 3432; x_wconf 88' lang='lat' dir='ltr'>formam</span> <span class='ocrx_word' id='word_1_183' title='bbox 1144 3365 1207 3433; x_wconf 92' lang='lat' dir='ltr'>In·</span> 
     </span>
     <span class='ocr_line' id='line_1_26' title="bbox 155 3478 1205 3571; baseline 0.001 -24"><span class='ocrx_word' id='word_1_184' title='bbox 155 3480 273 3558; x_wconf 86' lang='lat' dir='ltr'>fantis,</span> <span class='ocrx_word' id='word_1_185' title='bbox 286 3478 442 3548; x_wconf 90' lang='lat' dir='ltr'>humana</span> <span class='ocrx_word' id='word_1_186' title='bbox 456 3479 690 3571; x_wconf 87' lang='lat' dir='ltr'>grandiorem,</span> <span class='ocrx_word' id='word_1_187' title='bbox 702 3478 861 3571; x_wconf 88' lang='lat' dir='ltr'>Virginis</span> <span class='ocrx_word' id='word_1_188' title='bbox 878 3478 1089 3548; x_wconf 89' lang='lat' dir='ltr'>beatissimae</span> <span class='ocrx_word' id='word_1_189' title='bbox 1101 3479 1205 3562; x_wconf 90' lang='lat' dir='ltr'>ulnis,</span> 
     </span>
     <span class='ocr_line' id='line_1_27' title="bbox 154 3593 862 3687; baseline -0.004 -23"><span class='ocrx_word' id='word_1_190' title='bbox 154 3603 324 3685; x_wconf 89' lang='lat' dir='ltr'>tanquam</span> <span class='ocrx_word' id='word_1_191' title='bbox 342 3601 493 3687; x_wconf 91' lang='lat' dir='ltr'>augusto</span> <span class='ocrx_word' id='word_1_192' title='bbox 511 3593 609 3674; x_wconf 90' lang='lat' dir='ltr'>solio,</span> <span class='ocrx_word' id='word_1_193' title='bbox 627 3593 862 3662; x_wconf 89' lang='lat' dir='ltr'>insidentem:</span> 
     </span>
    </p>
   </div>
   <div class='ocr_carea' id='block_1_4' title="bbox 332 3718 983 3946">
    <p class='ocr_par' dir='ltr' id='par_1_5' title="bbox 332 3718 983 3946">
     <span class='ocr_line' id='line_1_28' title="bbox 332 3718 782 3788; baseline 0.007 -19"><span class='ocrx_word' id='word_1_194' title='bbox 332 3747 474 3760; x_wconf 87' lang='lat'>--</span> <span class='ocrx_word' id='word_1_195' title='bbox 486 3719 569 3772; x_wconf 83' lang='lat' dir='ltr'>divini</span> <span class='ocrx_word' id='word_1_196' title='bbox 582 3719 658 3788; x_wconf 82' lang='lat' dir='ltr'>sigua</span> <span class='ocrx_word' id='word_1_197' title='bbox 670 3718 782 3782; x_wconf 82' lang='lat' dir='ltr'>decoris,</span> 
     </span>
     <span class='ocr_line' id='line_1_29' title="bbox 333 3803 983 3875; baseline -0.003 -17"><span class='ocrx_word' id='word_1_198' title='bbox 333 3804 516 3875; x_wconf 85' lang='lat' dir='ltr'>Ardentesque</span> <span class='ocrx_word' id='word_1_199' title='bbox 528 3811 617 3858; x_wconf 85' lang='lat' dir='ltr'>notate</span> <span class='ocrx_word' id='word_1_200' title='bbox 629 3805 737 3857; x_wconf 89' lang='lat' dir='ltr'>oculos:</span> <span class='ocrx_word' id='word_1_201' title='bbox 757 3804 803 3874; x_wconf 92' lang='lat' dir='ltr'>qui</span> <span class='ocrx_word' id='word_1_202' title='bbox 815 3804 923 3873; x_wconf 87' lang='lat' dir='ltr'>spiritus</span> <span class='ocrx_word' id='word_1_203' title='bbox 935 3803 983 3866; x_wconf 88' lang='lat' dir='ltr'>illi,</span> 
     </span>
     <span class='ocr_line' id='line_1_30' title="bbox 335 3888 509 3946; baseline -0.023 0"><span class='ocrx_word' id='word_1_204' title='bbox 335 3888 390 3946; x_wconf 78' lang='lat' dir='ltr'>Qui</span> <span class='ocrx_word' id='word_1_205' title='bbox 401 3891 509 3943; x_wconf 88' lang='lat' dir='ltr'>vultus:</span> 
     </span>
    </p>
   </div>
   <div class='ocr_carea' id='block_1_5' title="bbox 155 3999 1295 4207">
    <p class='ocr_par' dir='ltr' id='par_1_6' title="bbox 155 3999 1295 4207">
     <span class='ocr_line' id='line_1_31' title="bbox 156 3999 1203 4094; baseline 0.003 -24"><span class='ocrx_word' id='word_1_206' title='bbox 156 4002 275 4085; x_wconf 82' lang='lat' dir='ltr'>Quem</span> <span class='ocrx_word' id='word_1_207' title='bbox 293 4009 414 4070; x_wconf 86' lang='lat' dir='ltr'>tamen</span> <span class='ocrx_word' id='word_1_208' title='bbox 431 4009 594 4070; x_wconf 89' lang='lat' dir='ltr'>nostmm</span> <span class='ocrx_word' id='word_1_209' title='bbox 609 4023 701 4080; x_wconf 87' lang='lat' dir='ltr'>esse,</span> <span class='ocrx_word' id='word_1_210' title='bbox 719 3999 901 4091; x_wconf 89' lang='lat' dir='ltr'>nostrique</span> <span class='ocrx_word' id='word_1_211' title='bbox 925 4022 1046 4070; x_wconf 90' lang='lat' dir='ltr'>curam</span> <span class='ocrx_word' id='word_1_212' title='bbox 1069 4025 1203 4094; x_wconf 87' lang='lat' dir='ltr'>gerere,</span> 
     </span>
     <span class='ocr_line' id='line_1_32' title="bbox 155 4113 1295 4207; baseline 0.004 -23"><span class='ocrx_word' id='word_1_213' title='bbox 155 4116 213 4185; x_wconf 75' lang='lat' dir='ltr'>‘vel</span> <span class='ocrx_word' id='word_1_214' title='bbox 242 4116 318 4207; x_wconf 89' lang='lat' dir='ltr'>ipsa</span> <span class='ocrx_word' id='word_1_215' title='bbox 336 4115 465 4184; x_wconf 90' lang='lat' dir='ltr'>Matris</span> <span class='ocrx_word' id='word_1_216' title='bbox 490 4114 685 4184; x_wconf 88' lang='lat' dir='ltr'>similitudo</span> <span class='ocrx_word' id='word_1_217' title='bbox 711 4113 795 4183; x_wconf 86' lang='lat' dir='ltr'>satis</span> <span class='ocrx_word' id='word_1_218' title='bbox 820 4115 946 4205; x_wconf 88' lang='lat' dir='ltr'>arguit.</span> <span class='ocrx_word' id='word_1_219' title='bbox 1002 4114 1111 4199; x_wconf 81' lang='lat' dir='ltr'>Infra,</span> <span class='ocrx_word' id='word_1_220' title='bbox 1137 4140 1203 4187; x_wconf 89' lang='lat' dir='ltr'>suo</span> <span class='ocrx_word' id='word_1_221' title='bbox 1292 4160 1295 4166; x_wconf 96' lang='lat'>-</span> 
     </span>
    </p>
   </div>
   <div class='ocr_carea' id='block_1_6' title="bbox 210 4268 1060 4377">
    <p class='ocr_par' dir='ltr' id='par_1_7' title="bbox 210 4268 1060 4377">
     <span class='ocr_line' id='line_1_33' title="bbox 210 4268 1060 4377; baseline -0.004 -15"><span class='ocrx_word' id='word_1_222' title='bbox 210 4331 213 4337; x_wconf 61' lang='lat'><strong><em>¹</em></strong></span> <span class='ocrx_word' id='word_1_223' title='bbox 297 4315 312 4345; x_wconf 78' lang='lat'>⁸</span> <span class='ocrx_word' id='word_1_224' title='bbox 327 4268 404 4370; x_wconf 75' lang='lat' dir='ltr'>Elam,</span> <span class='ocrx_word' id='word_1_225' title='bbox 416 4324 476 4377; x_wconf 83' lang='lat' dir='ltr'>quse</span> <span class='ocrx_word' id='word_1_226' title='bbox 488 4307 569 4376; x_wconf 78' lang='lat' dir='ltr'>vulgo</span> <span class='ocrx_word' id='word_1_227' title='bbox 582 4306 686 4370; x_wconf 84' lang='lat' dir='ltr'>dicitur,</span> <span class='ocrx_word' id='word_1_228' title='bbox 702 4306 742 4358; x_wconf 80' lang='lat' dir='ltr'>La</span> <span class='ocrx_word' id='word_1_229' title='bbox 753 4305 888 4358; x_wconf 79' lang='lat' dir='ltr'>Madonoa</span> <span class='ocrx_word' id='word_1_230' title='bbox 900 4305 966 4358; x_wconf 78' lang='lat' dir='ltr'>dello</span> <span class='ocrx_word' id='word_1_231' title='bbox 980 4305 1060 4359; x_wconf 78' lang='lat' dir='ltr'>Siste.</span> 
     </span>
    </p>
   </div>
   <div class='ocr_carea' id='block_1_7' title="bbox 0 0 1374 4866">
    <p class='ocr_par' dir='ltr' id='par_1_8' title="bbox 0 0 1374 4866">
     <span class='ocr_line' id='line_1_34' title="bbox 0 0 1374 4866; baseline 0 1"><span class='ocrx_word' id='word_1_232' title='bbox 0 0 1374 4866; x_wconf 95' lang='lat' dir='ltr'> </span> 
     </span>
    </p>
   </div>
  </div>
 </body>
</html>
