2738 4866
224 309 267 376 36
326 312 450 390 Qrddio
458 313 1082 398 MusioispropriaaqpelkturPoatioum:
1111 338 1206 379 runo.
1220 339 1269 379 111.

224 482 464 552 disserendum
488 485 573 553 erit:
602 506 684 553 cum
708 507 770 575 pro
794 495 871 555 rato
899 509 1020 556 omues
1037 487 1201 565 habeant,
1220 489 1271 556 ita

224 595 340 684 plane,
358 598 455 687 quasi
482 598 683 688 gemellam,
707 621 900 689 congruere
926 622 1006 667 oum
1030 599 1131 667 Poesi
1156 599 1272 667 Musi-

223 732 313 794 cam,
340 712 369 778 si
399 711 546 780 subtiles
572 713 767 780 animorum
795 713 919 795 flexus,
944 725 985 781 ut
1010 737 1134 782 vocum
1159 713 1269 794 Echo,

223 824 267 891 de
297 825 488 917 longinquo
522 826 652 895 referat
684 828 889 919 reddatque.
952 828 1129 918 Equidem
1162 851 1271 918 saepe-

221 961 369 1007 numero
396 940 512 1008 mirari
536 940 642 1022 soleo,
670 944 792 1010 curin
821 944 887 1012 hac
917 944 1139 1033 potissimum
1166 943 1271 1010 disci-

221 1051 317 1142 plina
340 1051 515 1121 artificum
545 1053 744 1122 discrimina
767 1055 920 1122 sentiant
948 1054 1123 1143 imperiti:
1150 1053 1202 1120 ita
1227 1063 1268 1119 ut

221 1166 365 1237 alterius
393 1169 529 1234 numeri
558 1169 724 1258 modique
751 1169 929 1236 mentibus
952 1167 1046 1258 vulgi
1071 1166 1269 1234 diutissime

221 1283 422 1362 inhaereant,
453 1283 607 1363 alterius,
638 1305 684 1350 ne
718 1305 819 1351 aures
849 1283 1002 1372 quidem,
1033 1283 1098 1350 uisi
1134 1283 1266 1360 doctas,

221 1396 324 1465 ferire
341 1399 485 1487 possint.
526 1396 569 1464 Id
583 1397 752 1488 cogitanti
767 1398 908 1465 demum
925 1397 1097 1478 occurrit3
1124 1418 1265 1465 cursum

220 1506 321 1575 illum
340 1516 377 1575 et
394 1531 613 1600 progressum
639 1531 815 1590 sonorum,
834 1531 950 1599 quem,
970 1517 1010 1576 ut
1032 1508 1164 1598 opinor,
1185 1507 1266 1575 Me-

219 1618 348 1689 lodiam
375 1631 590 1712 nuncupant,
615 1622 751 1690 facilius
775 1603 1033 1712 quodammodo
1059 1636 1166 1710 atque
1193 1621 1267 1688 effi·

220 1736 335 1806 cacius
365 1737 401 1804 in
431 1760 532 1806 aures
566 1746 672 1827 atque
706 1738 743 1804 in
777 1746 934 1804 mentem
970 1735 1125 1815 influere,
1158 1757 1264 1824 quam

220 1859 359 1932 caetera,
378 1874 458 1941 quae
476 1852 654 1941 pertinent
672 1852 717 1921 ad
740 1875 829 1930 earn,
848 1874 924 1941 quae
946 1850 1142 1919 Harmonia
1162 1873 1265 1919 voca-

218 1972 295 2034 tur:
333 1989 409 2055 quae
439 1953 493 2034 est
515 1966 695 2055 implicata
715 1965 874 2055 quaedam
899 1987 1025 2033 vocum
1053 1963 1265 2053 complexio,

219 2080 394 2170 certisque
419 2080 555 2171 legibus
576 2080 693 2149 efficta
706 2084 884 2170 junctura,
905 2079 1063 2170 pluribus
1084 2101 1156 2146 uno
1174 2088 1265 2147 tem-

218 2217 303 2284 pore
320 2196 596 2264 concinentibus.
631 2194 702 2277 Qui
720 2219 802 2287 ergo
817 2194 948 2286 populo
962 2194 1112 2285 placent,
1126 2201 1262 2272 cautus

203 2291 342 2378 'vereor
358 2332 402 2377 ne
423 2310 511 2378 serie
529 2310 745 2401 plerumque,
759 2333 830 2377 non
844 2333 948 2390 nexu
962 2309 1145 2400 placeant:
1171 2307 1264 2376 Har-

218 2426 345 2492 moniae
356 2424 450 2492 illius
461 2425 665 2515 multiplicis
676 2427 861 2517 magistros
872 2426 973 2515 pauci
986 2425 1092 2492 modo
1107 2423 1263 2502 laudant,

216 2539 312 2627 iique
329 2538 451 2607 selecti
469 2539 610 2628 quidam
622 2540 772 2629 judices.
814 2539 1018 2622 Quinetiam
1037 2539 1088 2611 ita
1104 2537 1261 2618 laudaut,

217 2660 258 2719 ut
276 2653 442 2732 indicent,
460 2677 531 2721 uon
549 2662 651 2723 extra
668 2663 780 2723 artem
798 2677 835 2725 se
856 2653 1016 2745 evagari:
1042 2652 1161 2735 iidem,
1179 2676 1261 2721 cum

217 2766 261 2833 ad
288 2767 499 2857 simpliciora
520 2778 667 2837 ventum
694 2777 757 2849 est,
780 2769 862 2837 hino
886 2768 983 2837 illinc
1010 2769 1116 2836 verba
1141 2777 1261 2836 mutu-

216 2888 329 2962 antur,
356 2883 383 2949 si
411 2905 487 2973 quae
517 2884 664 2952 inveniri
695 2884 829 2973 possint
860 2883 1046 2952 commotis
1076 2882 1260 2951 affectibus

217 2994 300 3064 satis
329 3004 423 3086 apta.
477 2997 668 3077 Nimirum,
698 3008 739 3065 ut
773 2996 833 3065 ille
868 3005 991 3087 captus
1026 2995 1146 3075 oculis,
1178 3019 1258 3063 oum

216 3108 310 3199 loqui
336 3110 444 3179 vellet
469 3113 512 3179 de
534 3134 710 3202 purpureo
733 3111 860 3191 colore,
887 3112 951 3179 sibi
979 3111 1121 3201 quidem
1150 3110 1258 3177 videri

216 3246 297 3291 enm
321 3224 412 3293 dixit
436 3225 631 3318 clangentis
655 3225 750 3293 tubae
775 3225 1008 3315 persimilem:
1045 3226 1096 3293 ita
1123 3224 1259 3293 laborat

214 3337 398 3406 hominum
417 3351 542 3424 sermo,
561 3341 744 3408 doctorum
769 3341 898 3430 pariter
924 3362 964 3407 ac
990 3340 1141 3417 rudium,
1161 3361 1258 3406 enar-

215 3451 323 3519 rando
341 3454 423 3542 quid
443 3455 508 3522 sibi
526 3455 637 3523 velint
655 3455 868 3522 musicorum
892 3455 965 3523 sive
988 3455 1138 3522 acriores
1162 3453 1258 3521 modi

215 3565 287 3634 sive
313 3567 500 3637 molliores.
552 3569 633 3652 Quo
651 3571 733 3659 quid
761 3569 854 3638 aliud
881 3571 948 3638 nisi
966 3571 1130 3646 fatentur,
1149 3572 1257 3638 etiam

214 3680 250 3747 in
272 3703 314 3750 eo
334 3705 463 3773 genere
486 3685 514 3751 si
541 3685 596 3752 cui
621 3685 712 3752 bene
736 3707 790 3753 res
813 3685 927 3764 ierint,
946 3707 1028 3752 eum
1054 3706 1124 3751 nou
1151 3686 1257 3753 modo

214 3812 367 3860 servasse
403 3796 487 3863 artis
523 3796 717 3876 modulum,
752 3819 792 3864 ac
827 3796 977 3864 delicate
1014 3818 1055 3864 ao
1090 3803 1258 3885 potenter

214 3906 372 3988 variasse,
396 3910 457 3976 sed
484 3910 591 3978 etiam
614 3912 743 3978 mentis
766 3911 927 3979 humanae
955 3909 1149 3999 penetralia
1176 3933 1256 3978 vere

213 4038 253 4086 ao
272 4020 422 4089 feliciter
439 4025 673 4113 expressisse?
696 4025 731 4092 id
750 4027 843 4115 quod
862 4035 899 4093 et
915 4024 1109 4093 harmoniae
1122 4025 1257 4114 periec-

213 4134 356 4204 tissimae
378 4138 560 4208 cumulum
582 4141 743 4231 imponit,
762 4151 798 4209 et
819 4163 913 4230 saepe
931 4139 1091 4220 efficitur,
1114 4148 1257 4208 tacente

211 4272 350 4338 prorsus
381 4251 573 4334 harmonia,-
595 4279 659 4346 per
682 4256 877 4346 simplicem
899 4277 1066 4323 sonorum
1094 4255 1252 4323 ordinem
