2738 4866
155 328 219 389 140
305 325 457 409 Εοονιρία
471 318 636 387 Ηοννονίοα
650 322 735 386 circo
749 338 857 384 carrus
871 327 900 384 at
913 334 1026 384 aram.-
1051 341 1146 382 rann.
1158 333 1197 379 rx.

330 487 494 557 Μυρμιδόνας
505 485 528 539 δ’
541 485 591 556 όρο
601 487 698 541 πάντας
709 484 755 538 έλε
766 487 870 554 τρόμος,
882 480 944 538 ούδέ
954 505 994 540 τις
1005 485 1069 551 ἔτλη

330 575 407 641 άντην
419 572 546 636 είσιδέειν,
559 570 619 624 ἀλλ’
632 572 749 640 ἔτρεσαν·
767 571 849 640 ούτῦρ
860 567 1001 641 Ἀχιλλεὺς

331 661 365 714 ὡς
377 656 432 722 εἶδ’,
445 660 479 714 ὥς
489 679 534 727 μιν
544 659 647 726 μᾶλλον
655 657 700 710 ἔδυ
711 658 801 726 χόλος·
821 656 849 710 ἐν
860 654 891 709 δέ
901 658 926 708 οἱ
938 655 1007 711 όσσε

331 746 414 799 δεινόν
424 746 475 799 ὑπὸ
486 745 637 815 βλεφάρων,
650 743 714 797 ὡσεί
725 741 817 805 σέλας,
829 742 996 812 ἐξεφάανθεν

332 830 439 900 τέρπετο
451 829 473 884 δ’
487 830 515 884 ἐν
525 830 663 900 χείρεσσιν
673 828 741 899 ἔχων
753 826 814 881 θεοῦ
825 827 911 898 ἀγλαὰ
923 827 1003 897 δῶρα.

208 969 270 1041 Ne
295 977 416 1040 autem
440 975 544 1058 putet
571 966 697 1057 aliquis
720 965 795 1036 haee
819 973 987 1055 tanquam
1015 967 1110 1052 dona
1136 965 1199 1034 Dei

158 1085 302 1165 laudari,
328 1105 398 1151 non
425 1081 611 1155 πανοπλίας
636 1082 746 1172 ipsius
770 1081 897 1172 gratia,
922 1080 1098 1171 legantur,
1124 1103 1200 1168 quae

158 1197 438 1290 splendidissime
454 1205 592 1287 ponunt
617 1193 759 1265 Danaos
780 1216 818 1265 se
839 1197 883 1265 ad
906 1196 1071 1286 proelium
1090 1195 1201 1263 acrin-

158 1322 305 1405 gentes:
332 1334 481 1402 quorum
500 1318 597 1379 certe
614 1308 778 1379 mortalia
795 1318 896 1379 erant
913 1304 1044 1378 armal.

334 1491 368 1546 ὡς
380 1489 401 1543 δ’
415 1489 458 1544 ὅτε
469 1489 590 1559 ταρφειαὶ
602 1489 709 1559 νιφάδες
721 1490 781 1545 Διὸς
794 1488 966 1551 ἐκποτέονται,

333 1576 446 1646 ψυχραί,
459 1575 510 1628 ὑπὸ
520 1572 595 1643 ῥιπῆς
606 1572 769 1644 αἰθρηγενέος
782 1573 887 1642 Βορέαο,

334 1663 369 1716 dr
380 1662 438 1714 τότε
450 1660 571 1730 ταρφειαὶ
583 1660 698 1728 κόρυθες,
710 1660 831 1728 λαμπρόν
841 1660 973 1728 γανόωσαι
1054 1679 1058 1684 ·

335 1752 401 1814 νηῶν
412 1745 579 1815 ἐκφορέοντο,
592 1745 633 1797 καὶ
645 1744 754 1800 ἀσπίδες
766 1743 961 1813 ὀμφαλοέσσαι,

333 1831 445 1900 θώρηκές
457 1853 485 1884 τε
497 1830 678 1901 κραταιγύαλοι
691 1830 732 1882 καί
743 1829 845 1898 μείλινα
857 1829 946 1899 δοῦρα.
956 1874 959 1879 ⁴

334 1915 411 1987 αἴγλη
424 1916 446 1969 δ’
460 1917 567 1985 οὐρανὸν
578 1913 625 1979 ἶκε,
637 1915 758 1986 γελασσε
769 1914 798 1967 δέ
809 1917 882 1968 πᾶσα
893 1915 953 1982 περὶ
964 1912 1037 1984 χθῶν
1085 1902 1086 1905 ¹

335 2005 435 2072 χαλκοῦ
446 2003 497 2056 ὑπὸ
510 2004 646 2069 στεροπῆς·
665 2003 715 2056 ὑπὸ
728 2001 757 2054 δέ
769 2000 862 2055 κτύπος
874 1999 972 2070 ὄρνυτο
983 1999 1086 2054 ποσσὶν

332 2087 439 2157 ἀνδρῶν·
460 2087 487 2140 ἐν
499 2087 527 2140 δέ
539 2088 646 2156 μέσοισι
659 2086 804 2156 κορύσσετο
817 2086 871 2141 δῖος
880 2083 1029 2154 Ἀχιλλεύς·

335 2174 381 2225 τοῦ
393 2173 434 2225 καὶ
447 2172 558 2226 ὀδόντων
568 2173 615 2241 μὲν
627 2171 723 2242 καναχὴ
734 2170 809 2225 πέλε·
828 2172 864 2224 τὼ
876 2168 905 2223 δέ
917 2171 941 2222 oi
953 2168 1023 2225 όσσε

335 2257 497 2326 λαμπέσθην,
511 2258 576 2312 ὧσεί
586 2280 615 2312 τε
626 2258 707 2328 πυρός
720 2256 808 2312 σέλας·
827 2256 855 2311 ἐν
866 2255 895 2309 δέ
906 2257 931 2308 ol
942 2253 1006 2326 ἦτορ

334 2343 387 2398 δῦν’
400 2344 464 2414 άχος
475 2343 595 2411 ἄτλητον·
614 2342 663 2396 ὁδ’
676 2343 727 2412 άρα
737 2343 840 2412 Τρωσὶν
851 2341 987 2411 μενεαίνων

335 2428 430 2483 δύσετο
442 2430 512 2498 δῶρα
524 2430 594 2491 θεοῦ,
606 2429 639 2482 τά
650 2431 675 2481 οἶ
681 2427 836 2498 Ἥφαιστος
847 2428 911 2496 κάμε
922 2424 1031 2496 τεύχων.

164 2578 257 2646 Haec
275 2580 393 2647 omnia
410 2579 552 2648 flamma
570 2580 721 2648 vividius
739 2581 906 2650 emicant.

211 2690 364 2761 Leniore
389 2703 480 2775 sunt,
507 2695 660 2762 eundem
686 2702 807 2762 tamen
832 2695 991 2762 animum
1017 2691 1204 2769 declarant,

161 2808 288 2898 quibus
314 2809 519 2899 explicatur,
551 2831 621 2898 quo
644 2830 730 2876 arou
758 2807 950 2890 Pandarus,
972 2829 1045 2896 quo
1064 2806 1206 2874 thorace

161 2921 314 3012 gaudeat
324 2921 586 3012 Agamemnon:
607 2943 720 3010 quave
731 2928 909 2988 armatura
920 2926 1046 2988 mutuo
1056 2928 1206 3010 sumpta,

162 3055 200 3101 se
217 3034 260 3101 ad
279 3042 469 3102 nocturnas
489 3033 567 3103 illas
584 3033 727 3102 insidias
744 3034 943 3123 paraverint
961 3031 1155 3103 Diomedes
1171 3041 1207 3102 et

163 3145 319 3236 Ulysses.

214 3259 328 3340 Quale
363 3282 465 3350 porro
500 3268 554 3329 est
588 3258 688 3342 illud,
719 3261 814 3350 quod
844 3283 886 3329 ea
916 3261 1045 3341 omnia,
1077 3281 1206 3339 eunus

163 3393 283 3461 equos,
309 3393 416 3452 arma,
445 3372 511 3441 Dis
536 3396 677 3464 quoque
702 3374 786 3464 ipsis
813 3374 920 3442 tribui
947 3373 1104 3443 curavit!
1138 3395 1207 3441 non

163 3485 269 3554 modo
288 3484 462 3556 Minervae
482 3487 620 3578 galeam
645 3496 682 3556 et
705 3488 825 3578 aegida,
845 3485 1005 3578 Apollini
1029 3509 1151 3556 areum
1172 3496 1208 3555 et

163 3601 318 3690 sagittas,
337 3600 399 3667 sed
416 3607 453 3668 et
470 3600 605 3669 Junoni
623 3624 755 3682 currus,
776 3601 958 3691 Neptuno,
972 3602 1083 3669 immo
1101 3602 1207 3670 etiam

163 3733 302 3780 summo
320 3709 412 3792 lovi,
431 3735 649 3802 quaecunque
675 3713 719 3782 ad
740 3714 922 3782 heroicum
944 3720 1109 3782 ornatum
1132 3735 1208 3804 per-

164 3826 290 3893 tinent.
509 3843 511 3845 ·

340 3937 373 3990 ὣς
385 3936 462 3990 εἰπὼν
475 3935 516 3990 ὑπ’
530 3936 629 4008 ὄχεσφι
642 3937 775 3992 τιτύσκετο
786 3936 930 4007 χαλκόποδ’
943 3935 1022 4004 ἵππω,

339 4020 463 4086 ὠκυπέτα,
476 4022 621 4093 χρυσέῃσιν
632 4023 762 4094 ἐθείρῃσιν
773 4024 909 4091 κομόωντε·

588 4253 598 4284 ‘³
613 4253 644 4307 ll.
657 4255 711 4308 xis.
724 4266 785 4322 357.
