2738 4866
330 229 354 258 ἱ

166 337 261 383 rann.
275 337 329 381 xx.
400 317 464 381 οου
477 338 513 381 ια
526 337 741 401 acroamata
756 300 999 400 diuquu'ltaereut
1112 315 1210 394 ,371

168 493 311 565 Videtis
346 515 416 563 non
451 503 524 564 tam
559 493 727 562 delectari
760 491 872 585 gloria
907 491 1075 583 conjugis,
1107 511 1213 579 quam

168 610 269 678 irasci
287 610 381 700 quod
404 609 479 701 ipsa
501 609 621 678 nimiae
643 607 862 678 credulitatis
882 607 1104 699 arguebatur.
1155 605 1213 674 Ac

167 742 213 794 ne
236 724 304 793 ista
321 724 463 816 quidem
487 725 583 815 prius
608 724 710 794 effert
727 746 833 815 quam
850 723 957 793 fuerit
979 746 1002 792 a
1019 721 1136 792 Choro
1152 721 1213 791 ad·

168 834 350 907 monital:

377 950 465 1019 δόμοις
477 950 505 1004 δὲ
518 953 596 1004 ταῦτα
608 951 649 1003 καὶ
662 946 877 1020 Κλυταιμνήστρᾳ
888 950 977 1019 μελειν

378 1033 444 1092 εἶκος
454 1035 579 1105 μάλιστα,
593 1036 641 1090 σὺν
654 1036 682 1089 δὲ
694 1035 841 1102 πλουτίζειν
852 1035 905 1106 ε’μέ.

169 1153 319 1243 Deinde,
338 1158 395 1229 cui
420 1183 491 1229 non
517 1160 661 1228 cordato
686 1161 789 1229 datur
812 1159 1016 1252 suspicionis
1042 1177 1211 1250 perquam

167 1276 300 1345 acerbae
318 1275 425 1356 locus,
439 1276 532 1367 quod
547 1274 678 1344 coactis
694 1272 782 1344 adeo
800 1275 944 1345 vocibus
962 1275 1095 1344 salvere
1105 1275 1211 1365 jubet

168 1390 281 1460 visum
300 1392 444 1460 tandem
463 1390 568 1483 longo
586 1399 666 1482 post
683 1398 843 1481 tempore
854 1386 887 1461 ¹?

376 1527 467 1597 ἄνδρες
478 1529 591 1590 πολῖται,
604 1526 722 1597 πρέσβος
732 1525 857 1598 Ἀργείων
869 1528 937 1590 τόδε,

376 1613 422 1666 οὐκ
434 1612 605 1682 αἰσχυνοῦμαι
617 1613 676 1669 τούς
687 1615 832 1684 φιλανόρας
843 1614 953 1683 τρόπους

376 1699 451 1766 λέξαι
462 1700 528 1768 πρὸς
539 1699 612 1768 ὑμᾶς.

167 1820 284 1903 Quam
305 1819 404 1889 nullo
424 1841 564 1912 prorsus
581 1819 711 1890 affectu
728 1815 876 1890 rumoris
901 1816 1064 1889 meminit
1082 1818 1210 1910 saepius

166 1936 277 2005 auditi
296 1936 340 2005 de
357 1950 472 2005 morte
490 1932 696 2028 conjugisk!

375 2061 416 2118 καί
428 2066 579 2135 τραυμάτων
590 2065 637 2134 μὲν
648 2066 671 2118 εἷ
683 2067 768 2120 τόσων
780 2062 919 2136 ἐτύγχανεν

375 2153 438 2222 ἀνὴρ
451 2151 499 2215 ὅδ’,
512 2153 547 2207 ὣς
558 2153 624 2220 πρός
635 2149 705 2206 οἶκον
716 2150 856 2222 ὠχετεύετο

375 2240 461 2309 φάτις,
474 2238 596 2309 τέτρωται
609 2237 711 2293 δικτύου
721 2239 794 2293 πλέω
805 2239 899 2310 λέγειν.

166 2362 283 2446 Quam
300 2364 424 2454 putide
442 2386 480 2434 se
498 2372 614 2434 narrat
633 2364 757 2434 confici
774 2363 946 2456 lacrymis,
961 2358 1097 2455 vigiliis,
1116 2386 1209 2434 som-

165 2479 232 2548 niis
257 2478 341 2548 mali
367 2478 513 2549 ominis!
540 2489 618 2549 tum
642 2479 890 2549 similitudines
908 2479 952 2547 de
969 2479 1073 2547 trivio
1090 2501 1208 2569 sump-

163 2601 218 2662 tas
241 2593 381 2687 ingerit,
400 2616 555 2665 amorem
581 2596 757 2687 quendam
781 2612 926 2686 operose
950 2593 1115 2687 fingendo
1142 2596 1208 2665 mi·

111 2750 112 2754 =
163 2708 259 2778 nime
276 2711 320 2779 ad
338 2733 497 2780 normam
516 2711 588 2780 veri
606 2705 773 2781 amoris¹:

371 2855 470 2927 λέγοιμ’
482 2853 514 2910 ἂν
525 2857 604 2927 ἄνδρα
615 2858 690 2912 τόνδε
701 2862 752 2912 τῶν
764 2857 886 2926 σταθμῶν
897 2855 969 2920 κύνα,

372 2945 477 3012 σωτῆρα
488 2945 547 2998 νόος
557 2946 692 3013 πρότονον,
704 2944 810 3015 ὑψηλῆς
821 2943 916 3015 στέγης

372 3026 471 3085 στύλον
482 3028 591 3099 ποδήρη,
603 3030 739 3102 μονογενὲς
749 3030 837 3085 τέκνον
847 3032 934 3100 πατρὶ,

371 3116 412 3169 καὶ
423 3113 473 3186 γὴν
484 3117 612 3186 φανεῖσαν
624 3112 752 3173 ναυτίλοις
762 3108 823 3187 παρ’
834 3113 937 3180 ε’λπίδα,

371 3202 514 3258 κάλλιστον
524 3203 592 3273 ἦμαρ
605 3204 711 3258 εἰσιδεῖν
722 3204 749 3257 εἰς
761 3203 890 3274 χείματος,

371 3289 499 3361 ὁδοιπόρῳ
510 3290 621 3360 διψῶντι
632 3285 742 3362 πηγαίον
751 3289 818 3362 ῥέος.

209 3416 287 3488 Hos
312 3426 433 3489 autem
463 3438 641 3491 sermones
673 3421 754 3491 ideo
784 3423 991 3494 excitandos
1024 3421 1202 3515 putabam,

157 3543 199 3603 ut
226 3536 310 3604 satis
332 3543 522 3620 constaret,
546 3536 604 3606 vel
629 3539 748 3629 impiae
775 3539 827 3607 illi
855 3547 892 3608 et
917 3540 1028 3608 atroci
1054 3539 1203 3632 Reginae

157 3650 296 3720 haesisse
325 3673 578 3743 nonnunquam
608 3654 765 3722 animum
791 3661 829 3722 et
855 3653 1021 3746 lingnam,
1047 3664 1202 3723 venturae

149 3764 301 3855 justitiae
323 3776 434 3836 metu.
487 3767 617 3859 Neque
635 3790 718 3838 vero
743 3789 786 3838 ea
810 3791 866 3839 res
882 3767 1040 3839 Chorum
1064 3768 1200 3851 fefellit,

157 3904 203 3950 ne
232 3881 345 3952 otiose
370 3883 513 3973 quidem
539 3884 748 3966 adstantem,
767 3884 853 3976 quin
875 3886 914 3968 is,
932 3886 1018 3976 quid
1040 3887 1106 3955 sibi
1130 3885 1202 3954 vel·

157 3995 233 4067 lent
262 3996 378 4091 longae
404 3998 561 4070 mulieris
591 4000 766 4093 ambages,
796 3998 905 4070 semel
935 4008 1043 4092 atque
1069 4002 1200 4071 iterum

155 4111 351 4182 miraretur.
404 4112 516 4184 Verbi
541 4115 664 4208 gratia,
689 4114 892 4186 Praeconem
918 4115 971 4186 his
998 4116 1199 4209 alloquitur,

190 4328 314 4399 11Αραυι.
327 4329 389 4401 568.
479 4329 572 4386 ίΙδιέί.
586 4332 647 4387 828.
736 4333 911 4406 lIdid.839.
995 4335 1087 4390 lictu.
1101 4336 1162 4406 869.

623 4424 730 4494 aba
