2738 4866
231 1611 586 1703 PRAELECTIO
616 1614 847 1705 DECIMA
880 1619 1119 1706 TERTIA.

604 1880 750 1893 ι...-

153 2061 311 2134 Dispicite,
324 2064 531 2134 quennmsnerit
546 2062 677 2132 Odysseioe
688 2059 826 2132 scriptoris
835 2061 866 2115 de
874 2077 971 2115 summa
979 2062 1044 2132 reip.
1053 2061 1179 2115 sententia
1183 2081 1195 2122 ,⁴

186 2151 304 2218 apennia
311 2150 457 2219 presertim
468 2150 511 2213 iia,
524 2167 580 2219 qun
592 2148 629 2201 nd
634 2166 731 2218 procos
743 2149 887 2218 pertinent.
925 2149 1026 2203 Deinde
1041 2149 1134 2219 duplet
1149 2148 1196 2201 nd·

189 2235 294 2289 ducitur
306 2253 393 2299 cumn,
406 2252 486 2305 qnare
497 2253 554 2290 cnm
565 2235 733 2306 optimatibus
744 2237 839 2288 sentiat
852 2237 970 2291 Heroicae
978 2237 1051 2290 itlius
1060 2235 1197 2290 vetustatis

189 2330 298 2377 amator.

258 2505 528 2581 ONSTRATO
549 2511 626 2602 jam
656 2510 734 2600 quis
758 2505 865 2579 fuerit
893 2529 1008 2578 rerum
1037 2504 1198 2579 Helleni-

283 2648 403 2695 carum
417 2634 540 2707 statue,
554 2626 783 2696 redeuntibus
796 2621 944 2696 Achivis
961 2635 1040 2716 post
1056 2625 1197 2716 Trojam

155 2743 321 2825 excisam,
341 2740 500 2834 adeoque
522 2740 630 2835 ipsius
655 2742 804 2821 Homeri
830 2756 1010 2834 tempore;
1039 2742 1197 2833 sequitur

155 2866 196 2928 ut
221 2858 343 2950 paucis
366 2857 597 2950 disputemus,
625 2856 843 2939 Academici,
865 2880 1025 2949 quaenam
1052 2856 1096 2925 de
1121 2858 1198 2926 uni-

155 2997 255 3045 versa
279 2973 461 3065 republica
481 2974 588 3044 firerit
613 2974 833 3043 celeberrimi
852 2973 975 3043 Poetae
1001 2970 1196 3043 sententia:

154 3112 237 3182 quae
254 3089 446 3180 disputatio
465 3097 502 3157 et
525 3112 588 3181 per
605 3112 642 3158 se
660 3090 807 3159 fortasse
825 3090 893 3159 erit
909 3111 980 3158 non
997 3089 1197 3181 injucunda,

154 3215 191 3276 et
209 3228 432 3299 magnopere,
450 3205 487 3274 ni
504 3202 615 3288 fallor,
633 3205 827 3298 pertinebit
853 3204 897 3275 ad
918 3203 1026 3297 ipsius
1044 3204 1198 3275 Poeticae

154 3343 349 3392 summam:
376 3322 482 3390 modo
504 3344 568 3391 nos
591 3344 669 3390 eam
696 3331 793 3391 recte
816 3344 857 3391 ac
878 3322 1080 3412 prudenter,
1099 3321 1197 3410 (nam

154 3437 299 3519 lubrica,
317 3437 440 3518 fateor,
459 3458 513 3507 res
531 3440 599 3528 est)
618 3435 803 3507 instituere
817 3437 1005 3507 valeamus.
1034 3437 1196 3520 Lubrica,

153 3559 309 3648 inquam,
336 3539 402 3624 erit
429 3557 598 3647 quaesti03
625 3579 707 3625 nam
735 3555 853 3625 nescio
880 3555 1057 3646 quomodo
1083 3556 1199 3626 solent

152 3670 325 3751 homines,
353 3670 419 3739 hac
447 3678 543 3739 certe
570 3670 761 3762 republica,
787 3671 949 3762 cupidius
979 3669 1143 3762 arripere,
1170 3671 1198 3739 si

153 3809 231 3877 quae
245 3787 337 3856 forte
350 3785 548 3855 dicentibus
562 3785 768 3868 exciderint,
782 3810 862 3877 quae
876 3786 912 3854 in
926 3808 1025 3855 suam
1039 3808 1115 3854 rem
1128 3793 1200 3855 tor-

154 3901 253 3993 queri
270 3923 372 3992 posse
389 3901 585 3971 videantur.
638 3899 692 3970 Eo
713 3902 816 3971 nobis
838 3903 906 3971 erit
932 3900 1044 3994 magis
1069 3900 1107 3969 in
1133 3901 1197 3969 hac

152 4025 254 4109 parte
271 4016 533 4099 elaborandum,
552 4038 596 4085 ne
614 4018 706 4086 forte
724 4017 907 4086 videamur
924 4016 1197 4087 Homericorum

153 4129 232 4200 loco
249 4132 367 4201 nescio
385 4155 461 4223 quae
479 4141 598 4202 nostra
614 4129 805 4201 venditare.

204 4244 342 4315 Verum
361 4247 549 4326 enimvero,
568 4247 595 4315 si
616 4247 722 4316 modo
746 4270 816 4315 non
841 4247 933 4317 male
958 4248 1002 4316 de
1027 4247 1197 4339 Odysseia
