2738 4866
158 352 250 395 rnna.
261 354 306 394 rx.
358 332 494 400 Noturae
508 334 677 409 Aaronom,
693 330 732 395 de
746 329 842 394 botta
854 331 1047 396 autumabas.
1138 333 1202 395 145

205 501 327 595 Digna
356 524 440 572 sano
465 502 526 595 pio
553 510 634 572 vate
664 512 702 572 et
733 504 989 594 sapientissimo
1020 504 1094 574 viro
1124 527 1203 574 sen-

156 617 281 699 tentia,
307 615 390 686 Jovi
418 639 514 686 curae
541 639 617 688 esse
644 640 716 687 non
743 618 904 687 homines
930 619 1048 702 modo,
1074 620 1136 690 sed
1164 629 1203 690 et

154 733 359 802 universum
380 732 612 802 animantium
635 755 791 826 gregem.
843 731 941 816 Quas
964 740 1084 802 autem
1108 735 1203 828 eogi-

156 847 311 917 tationes
337 846 487 918 Summo
513 849 678 919 attribuit
705 847 866 928 Numini,
892 848 1010 918 neseio
1036 848 1203 938 equidem

156 985 201 1032 an
231 963 321 1032 nihil
350 964 392 1033 iis
416 965 558 1058 gravium
587 965 625 1033 in
654 971 773 1034 vetere
802 962 1025 1055 philosophia
1052 963 1203 1034 dixerim

156 1079 307 1149 inveniri
319 1102 327 1150 :

326 1188 362 1244 'A
374 1192 461 1255 δειλδ,
474 1191 501 1247 τί
512 1193 587 1263 σφῶῐ
598 1191 676 1260 δόμεν
687 1193 776 1260 Πηλῆϊ
786 1190 875 1245 ἄνακτι

332 1278 425 1352 θνιγιῷ,
437 1279 509 1349 ὑμεῖς
520 1278 543 1332 δ’
556 1278 635 1333 ε’στὸν
645 1275 733 1347 ἀγήρω
745 1276 777 1340 τ’,
789 1277 906 1331 ἀθανάτω
918 1299 962 1342 τες

331 1363 347 1431 ἦ
359 1362 401 1419 ἵνα
412 1363 564 1434 δυστήνοισι
575 1362 629 1433 μετ’
642 1363 767 1432 ἀνδράσιν
778 1361 850 1434 ἄλγε’
863 1363 956 1432 ἔχητον
962 1385 971 1426 3

332 1451 362 1504 οὗ
373 1452 421 1521 μὲν
432 1453 482 1524 γάρ
494 1453 521 1506 τί
531 1473 582 1506 που
594 1450 667 1506 ε’στὶν
675 1451 841 1521 οἶζυρώτερον
852 1449 945 1521 ἀνδρὸς

331 1537 440 1601 πάντων,
453 1537 526 1593 ὅσσα
537 1559 565 1592 τε
577 1539 653 1608 γαῖαν
665 1536 707 1589 ε’πὶ
718 1536 799 1590 πνείει
811 1558 839 1591 τε
852 1537 893 1589 καὶ
906 1535 977 1606 ἕρπει
984 1543 1011 1589 ““.

205 1659 341 1753 Tetigit
368 1662 493 1753 utique
517 1685 592 1732 rem
620 1663 779 1732 omnium
806 1661 1097 1741 obscurissimam,
1123 1683 1205 1750 quae

157 1776 260 1846 nobis
281 1776 406 1859 adhuc,
425 1777 470 1848 de
490 1777 576 1848 oaelo
594 1778 719 1860 doctis,
735 1776 853 1847 arcani
871 1777 943 1846 vim
967 1799 1009 1847 ac
1031 1777 1206 1846 rationem

157 1899 279 1963 tenet:
319 1891 482 1975 Quanam
507 1893 674 1963 videlicet
701 1893 781 1987 lege
809 1892 882 1975 liat,
911 1900 953 1963 ut
982 1892 1207 1962 immerentia

157 2030 299 2099 quoque
315 2007 422 2078 bruta
437 2009 645 2079 miserorum
668 2008 874 2079 mortalium
891 2008 993 2078 malis
1017 2009 1206 2101 saepissime

159 2123 364 2194 obruantur.

208 2238 294 2331 Ipsa
319 2240 408 2310 adeo
433 2239 621 2310 difficultas
647 2240 743 2321 feeit,
770 2248 812 2310 ut
837 2264 909 2311 non
934 2242 972 2310 in
996 2241 1065 2311 illis
1091 2240 1206 2311 solum

158 2379 237 2446 quaa
263 2356 370 2425 modo
400 2357 651 2437 recensuimus,
680 2378 804 2426 verum
834 2356 943 2426 etiam
973 2378 1207 2449 peromnem

157 2471 255 2541 huno
281 2494 446 2563 eampum
475 2471 679 2554 Poetarum,
703 2472 765 2563 qui
787 2473 832 2544 do
857 2471 972 2542 brutis
997 2472 1207 2543 animalibus

158 2595 224 2670 est,
240 2589 414 2680 possimus
439 2588 637 2659 etiamnum
661 2587 767 2679 plane
792 2589 930 2679 assequi
953 2595 1112 2658 mentem
1133 2587 1209 2656 ani-

158 2725 330 2795 mumque
353 2704 564 2796 seriptomm
581 2710 764 2772 veterum:
790 2704 886 2794 quod
906 2710 1029 2773 contra
1053 2701 1207 2794 plerum-

159 2841 230 2909 que
250 2818 302 2901 fit,
324 2818 370 2888 ob
390 2840 488 2888 saera
513 2825 663 2899 mutata,
683 2818 721 2887 in
744 2818 787 2887 iis
809 2817 914 2888 rebus
931 2841 1009 2910 quae
1034 2818 1078 2887 ad
1097 2818 1208 2887 vitam

157 2933 345 3004 bominum
378 2955 566 3024 moresque
599 2934 791 3024 pertinent.
859 2933 903 3007 Id
937 2933 1032 3025 quod
1068 2933 1207 3026 planius

159 3051 380 3142 disputatum
401 3049 443 3118 iri
470 3071 581 3141 spero,
600 3071 682 3119 oum
705 3071 748 3119 ea
770 3074 847 3143 quae
868 3058 1004 3122 restant
1026 3050 1071 3120 de
1093 3049 1207 3121 Iliade

158 3166 344 3236 tractanda
360 3167 526 3236 venient:
553 3187 705 3256 quorum
730 3188 773 3234 ea
798 3166 850 3234 vis
875 3187 961 3234 esse
978 3164 1132 3245 debebit,
1153 3172 1206 3247 ut,

160 3281 275 3374 qualis
292 3281 399 3350 fuerit
417 3280 567 3350 Homeri
583 3302 684 3350 mens
702 3288 740 3349 et
756 3279 903 3365 indoles,
921 3303 990 3350 non
1003 3280 1080 3370 jam
1101 3303 1148 3351 ex
1164 3280 1207 3349 iis

160 3421 239 3488 quae
264 3397 466 3478 narraverit,
493 3395 555 3465 sed
582 3419 628 3465 ex
653 3395 867 3487 imaginibus
896 3396 1053 3487 undique
1075 3394 1207 3486 petitis,

160 3510 329 3600 omnique
359 3516 502 3580 omatus
528 3509 660 3600 poetici
687 3507 840 3592 delectu,
868 3516 947 3578 tum
974 3517 1102 3590 reru'm,
1129 3517 1208 3579 tum

161 3623 361 3706 verborum,
372 3624 565 3716 judicetur.
629 3664 632 3668 ·

577 3803 595 3826 ¹¹
615 3795 647 3849 11.
660 3795 722 3849 xvii.
735 3811 797 3864 443.
