<?xml version="1.0" encoding="UTF-8"?>
<!DOCTYPE html PUBLIC "-//W3C//DTD XHTML 1.0 Transitional//EN"
    "http://www.w3.org/TR/xhtml1/DTD/xhtml1-transitional.dtd">
<html xmlns="http://www.w3.org/1999/xhtml" xml:lang="en" lang="en">
 <head>
  <title>
</title>
<meta http-equiv="Content-Type" content="text/html;charset=utf-8" />
  <meta name='ocr-system' content='tesseract 3.04.00' />
  <meta name='ocr-capabilities' content='ocr_page ocr_carea ocr_par ocr_line ocrx_word'/>
</head>
<body>
  <div class='ocr_page' id='page_1' title='image "./depoeticaevimed01keblgoog_0095.png"; bbox 0 0 2738 4866; ppageno 0'>
   <div class='ocr_carea' id='block_1_1' title="bbox 201 327 1255 396">
    <p class='ocr_par' dir='ltr' id='par_1_1' title="bbox 201 327 1255 396">
     <span class='ocr_line' id='line_1_1' title="bbox 201 327 1255 396; baseline 0.002 -4"><span class='ocrx_word' id='word_1_1' title='bbox 201 327 245 392; x_wconf 88' lang='grc'>86</span> <span class='ocrx_word' id='word_1_2' title='bbox 381 329 554 396; x_wconf 71' lang='lat' dir='ltr'>Oratam</span> <span class='ocrx_word' id='word_1_3' title='bbox 569 351 605 393; x_wconf 81' lang='lat' dir='ltr'>aa</span> <span class='ocrx_word' id='word_1_4' title='bbox 620 330 740 394; x_wconf 65' lang='lat' dir='ltr'>Siccalo</span> <span class='ocrx_word' id='word_1_5' title='bbox 754 330 886 393; x_wconf 70' lang='lat' dir='ltr'>murima</span> <span class='ocrx_word' id='word_1_6' title='bbox 900 330 1064 395; x_wconf 71' lang='lat' dir='ltr'>tribuatur.</span> <span class='ocrx_word' id='word_1_7' title='bbox 1100 353 1194 395; x_wconf 76' lang='lat' dir='ltr'>rnna.</span> <span class='ocrx_word' id='word_1_8' title='bbox 1205 355 1255 394; x_wconf 67' lang='lat' dir='ltr'>v1.›</span> 
     </span>
    </p>
   </div>
   <div class='ocr_carea' id='block_1_2' title="bbox 202 502 1249 594">
    <p class='ocr_par' dir='ltr' id='par_1_2' title="bbox 202 502 1249 594">
     <span class='ocr_line' id='line_1_2' title="bbox 202 502 1249 594; baseline 0 -21"><span class='ocrx_word' id='word_1_9' title='bbox 202 502 400 594; x_wconf 71' lang='lat' dir='ltr'>scriptoris,</span> <span class='ocrx_word' id='word_1_10' title='bbox 432 525 508 573; x_wconf 89' lang='lat' dir='ltr'>esse</span> <span class='ocrx_word' id='word_1_11' title='bbox 543 504 685 584; x_wconf 90' lang='lat' dir='ltr'>omnia;</span> <span class='ocrx_word' id='word_1_12' title='bbox 722 502 820 572; x_wconf 87' lang='lat' dir='ltr'>fatali</span> <span class='ocrx_word' id='word_1_13' title='bbox 852 503 1005 593; x_wconf 88' lang='lat' dir='ltr'>quodam</span> <span class='ocrx_word' id='word_1_14' title='bbox 1034 504 1121 573; x_wconf 90' lang='lat' dir='ltr'>orbe</span> <span class='ocrx_word' id='word_1_15' title='bbox 1151 513 1249 573; x_wconf 87' lang='lat' dir='ltr'>actos</span> 
     </span>
    </p>
   </div>
   <div class='ocr_carea' id='block_1_3' title="bbox 201 619 1252 808">
    <p class='ocr_par' dir='ltr' id='par_1_3' title="bbox 201 619 1252 808">
     <span class='ocr_line' id='line_1_3' title="bbox 202 619 1251 710; baseline 0.002 -24"><span class='ocrx_word' id='word_1_16' title='bbox 202 619 342 709; x_wconf 89' lang='lat' dir='ltr'>prodire</span> <span class='ocrx_word' id='word_1_17' title='bbox 371 619 502 710; x_wconf 85' lang='lat' dir='ltr'>ingenii</span> <span class='ocrx_word' id='word_1_18' title='bbox 534 642 674 710; x_wconf 92' lang='lat' dir='ltr'>quoque</span> <span class='ocrx_word' id='word_1_19' title='bbox 708 620 844 688; x_wconf 83' lang='lat' dir='ltr'>fruetus</span> <span class='ocrx_word' id='word_1_20' title='bbox 873 627 911 687; x_wconf 94' lang='lat' dir='ltr'>et</span> <span class='ocrx_word' id='word_1_21' title='bbox 946 619 1150 689; x_wconf 79' lang='lat' dir='ltr'>literarum:</span> <span class='ocrx_word' id='word_1_22' title='bbox 1185 620 1251 688; x_wconf 89' lang='lat' dir='ltr'>ita-</span> 
     </span>
     <span class='ocr_line' id='line_1_4' title="bbox 201 717 1252 808; baseline 0.001 -24"><span class='ocrx_word' id='word_1_23' title='bbox 201 739 282 807; x_wconf 88' lang='lat' dir='ltr'><strong>que,</strong></span> <span class='ocrx_word' id='word_1_24' title='bbox 314 740 396 787; x_wconf 92' lang='lat' dir='ltr'>cum</span> <span class='ocrx_word' id='word_1_25' title='bbox 428 717 588 787; x_wconf 88' lang='lat' dir='ltr'>Homero</span> <span class='ocrx_word' id='word_1_26' title='bbox 619 719 810 787; x_wconf 88' lang='lat' dir='ltr'>vivendum</span> <span class='ocrx_word' id='word_1_27' title='bbox 842 718 949 786; x_wconf 86' lang='lat' dir='ltr'>fuerit</span> <span class='ocrx_word' id='word_1_28' title='bbox 983 739 1123 808; x_wconf 85' lang='lat' dir='ltr'>asperos</span> <span class='ocrx_word' id='word_1_29' title='bbox 1158 719 1252 786; x_wconf 87' lang='lat' dir='ltr'>inter</span> 
     </span>
    </p>
   </div>
   <div class='ocr_carea' id='block_1_4' title="bbox 200 831 1253 1614">
    <p class='ocr_par' dir='ltr' id='par_1_4' title="bbox 200 831 1253 1614">
     <span class='ocr_line' id='line_1_5' title="bbox 201 831 1251 928; baseline 0.002 -29"><span class='ocrx_word' id='word_1_30' title='bbox 201 831 470 919; x_wconf 88' lang='lat' dir='ltr'>incomptosque</span> <span class='ocrx_word' id='word_1_31' title='bbox 493 831 595 911; x_wconf 88' lang='lat' dir='ltr'>viros,</span> <span class='ocrx_word' id='word_1_32' title='bbox 620 831 776 922; x_wconf 89' lang='lat' dir='ltr'>potuisse</span> <span class='ocrx_word' id='word_1_33' title='bbox 807 854 888 900; x_wconf 91' lang='lat' dir='ltr'>eum</span> <span class='ocrx_word' id='word_1_34' title='bbox 921 833 1021 900; x_wconf 88' lang='lat' dir='ltr'>aiunt</span> <span class='ocrx_word' id='word_1_35' title='bbox 1046 831 1251 928; x_wconf 82' lang='lat' dir='ltr'>rhapsodias</span> 
     </span>
     <span class='ocr_line' id='line_1_6' title="bbox 201 943 1252 1037; baseline 0.001 -23"><span class='ocrx_word' id='word_1_36' title='bbox 201 943 381 1037; x_wconf 82' lang='lat' dir='ltr'>sigillatim</span> <span class='ocrx_word' id='word_1_37' title='bbox 401 944 557 1033; x_wconf 82' lang='lat' dir='ltr'>exsequi,</span> <span class='ocrx_word' id='word_1_38' title='bbox 576 943 725 1013; x_wconf 84' lang='lat' dir='ltr'>Iliadem</span> <span class='ocrx_word' id='word_1_39' title='bbox 749 967 795 1013; x_wconf 86' lang='lat' dir='ltr'>ex</span> <span class='ocrx_word' id='word_1_40' title='bbox 821 945 863 1013; x_wconf 90' lang='lat' dir='ltr'>iis</span> <span class='ocrx_word' id='word_1_41' title='bbox 887 969 958 1014; x_wconf 92' lang='lat' dir='ltr'>non</span> <span class='ocrx_word' id='word_1_42' title='bbox 976 948 1132 1036; x_wconf 87' lang='lat' dir='ltr'>potuisse</span> <span class='ocrx_word' id='word_1_43' title='bbox 1156 969 1252 1016; x_wconf 86' lang='lat' dir='ltr'>com-</span> 
     </span>
     <span class='ocr_line' id='line_1_7' title="bbox 201 1059 1250 1152; baseline 0.003 -25"><span class='ocrx_word' id='word_1_44' title='bbox 201 1077 341 1151; x_wconf 84' lang='lat' dir='ltr'>ponere.</span> <span class='ocrx_word' id='word_1_45' title='bbox 404 1059 492 1141; x_wconf 87' lang='lat' dir='ltr'>Quae</span> <span class='ocrx_word' id='word_1_46' title='bbox 526 1059 669 1149; x_wconf 91' lang='lat' dir='ltr'>quidem</span> <span class='ocrx_word' id='word_1_47' title='bbox 704 1060 876 1150; x_wconf 86' lang='lat' dir='ltr'>ejusmodi</span> <span class='ocrx_word' id='word_1_48' title='bbox 911 1071 1001 1142; x_wconf 89' lang='lat' dir='ltr'>sunt,</span> <span class='ocrx_word' id='word_1_49' title='bbox 1038 1069 1079 1129; x_wconf 92' lang='lat' dir='ltr'>ut</span> <span class='ocrx_word' id='word_1_50' title='bbox 1113 1084 1157 1131; x_wconf 86' lang='lat' dir='ltr'>ea</span> <span class='ocrx_word' id='word_1_51' title='bbox 1190 1063 1250 1152; x_wconf 90' lang='lat' dir='ltr'>qui</span> 
     </span>
     <span class='ocr_line' id='line_1_8' title="bbox 201 1174 1250 1256; baseline 0.001 -12"><span class='ocrx_word' id='word_1_52' title='bbox 201 1175 311 1244; x_wconf 88' lang='lat' dir='ltr'>semel</span> <span class='ocrx_word' id='word_1_53' title='bbox 327 1175 441 1243; x_wconf 89' lang='lat' dir='ltr'>verbis</span> <span class='ocrx_word' id='word_1_54' title='bbox 459 1174 666 1256; x_wconf 77' lang='lat' dir='ltr'>enunciant,</span> <span class='ocrx_word' id='word_1_55' title='bbox 680 1175 709 1242; x_wconf 88' lang='lat' dir='ltr'>is</span> <span class='ocrx_word' id='word_1_56' title='bbox 727 1176 871 1243; x_wconf 90' lang='lat' dir='ltr'>omnino</span> <span class='ocrx_word' id='word_1_57' title='bbox 889 1176 1059 1246; x_wconf 81' lang='lat' dir='ltr'>refutasse</span> <span class='ocrx_word' id='word_1_58' title='bbox 1077 1177 1250 1246; x_wconf 84' lang='lat' dir='ltr'>videatur.</span> 
     </span>
     <span class='ocr_line' id='line_1_9' title="bbox 201 1290 1252 1380; baseline 0.003 -22"><span class='ocrx_word' id='word_1_59' title='bbox 201 1290 339 1379; x_wconf 87' lang='lat' dir='ltr'>Itaque,</span> <span class='ocrx_word' id='word_1_60' title='bbox 363 1290 509 1359; x_wconf 88' lang='lat' dir='ltr'>defessis</span> <span class='ocrx_word' id='word_1_61' title='bbox 531 1290 726 1380; x_wconf 90' lang='lat' dir='ltr'>praesertim</span> <span class='ocrx_word' id='word_1_62' title='bbox 749 1290 903 1372; x_wconf 89' lang='lat' dir='ltr'>auribus,</span> <span class='ocrx_word' id='word_1_63' title='bbox 921 1313 993 1359; x_wconf 93' lang='lat' dir='ltr'>non</span> <span class='ocrx_word' id='word_1_64' title='bbox 1015 1291 1074 1361; x_wconf 88' lang='lat' dir='ltr'>hio</span> <span class='ocrx_word' id='word_1_65' title='bbox 1096 1293 1252 1362; x_wconf 87' lang='lat' dir='ltr'>rationes</span> 
     </span>
     <span class='ocr_line' id='line_1_10' title="bbox 200 1404 1252 1496; baseline 0.003 -24"><span class='ocrx_word' id='word_1_66' title='bbox 200 1404 379 1496; x_wconf 84' lang='lat' dir='ltr'>ingeram:</span> <span class='ocrx_word' id='word_1_67' title='bbox 417 1404 524 1472; x_wconf 92' lang='lat' dir='ltr'>modo</span> <span class='ocrx_word' id='word_1_68' title='bbox 555 1414 656 1473; x_wconf 88' lang='lat' dir='ltr'>erant</span> <span class='ocrx_word' id='word_1_69' title='bbox 687 1404 929 1474; x_wconf 83' lang='lat' dir='ltr'>adolescentes</span> <span class='ocrx_word' id='word_1_70' title='bbox 958 1406 1182 1487; x_wconf 89' lang='lat' dir='ltr'>admonendi,</span> <span class='ocrx_word' id='word_1_71' title='bbox 1206 1429 1252 1475; x_wconf 92' lang='lat' dir='ltr'>ne</span> 
     </span>
     <span class='ocr_line' id='line_1_11' title="bbox 201 1519 1253 1614; baseline 0.002 -26"><span class='ocrx_word' id='word_1_72' title='bbox 201 1519 341 1588; x_wconf 87' lang='lat' dir='ltr'>facilem</span> <span class='ocrx_word' id='word_1_73' title='bbox 365 1520 470 1587; x_wconf 88' lang='lat' dir='ltr'>nimis</span> <span class='ocrx_word' id='word_1_74' title='bbox 495 1541 675 1606; x_wconf 85' lang='lat' dir='ltr'>assensum</span> <span class='ocrx_word' id='word_1_75' title='bbox 702 1521 900 1611; x_wconf 84' lang='lat' dir='ltr'>praeberent</span> <span class='ocrx_word' id='word_1_76' title='bbox 925 1522 1013 1590; x_wconf 90' lang='lat' dir='ltr'>adeo</span> <span class='ocrx_word' id='word_1_77' title='bbox 1039 1521 1128 1590; x_wconf 92' lang='lat' dir='ltr'>nihil</span> <span class='ocrx_word' id='word_1_78' title='bbox 1154 1522 1253 1614; x_wconf 84' lang='lat' dir='ltr'>inge-</span> 
     </span>
    </p>
   </div>
   <div class='ocr_carea' id='block_1_5' title="bbox 103 1634 1251 1726">
    <p class='ocr_par' dir='ltr' id='par_1_5' title="bbox 103 1634 1251 1726">
     <span class='ocr_line' id='line_1_12' title="bbox 103 1634 1251 1726; baseline -0.001 -21"><span class='ocrx_word' id='word_1_79' title='bbox 103 1679 104 1682; x_wconf 60' lang='lat'><em>=</em></span> <span class='ocrx_word' id='word_1_80' title='bbox 200 1634 299 1705; x_wconf 87' lang='lat' dir='ltr'>niose</span> <span class='ocrx_word' id='word_1_81' title='bbox 331 1634 542 1726; x_wconf 83' lang='lat' dir='ltr'>agentibus:</span> <span class='ocrx_word' id='word_1_82' title='bbox 581 1657 671 1704; x_wconf 88' lang='lat' dir='ltr'>neve</span> <span class='ocrx_word' id='word_1_83' title='bbox 700 1634 838 1704; x_wconf 84' lang='lat' dir='ltr'>Saeculo</span> <span class='ocrx_word' id='word_1_84' title='bbox 871 1643 1011 1704; x_wconf 89' lang='lat' dir='ltr'>tantum</span> <span class='ocrx_word' id='word_1_85' title='bbox 1041 1636 1251 1718; x_wconf 84' lang='lat' dir='ltr'>tribuerent,</span> 
     </span>
    </p>
   </div>
   <div class='ocr_carea' id='block_1_6' title="bbox 200 1749 1253 3225">
    <p class='ocr_par' dir='ltr' id='par_1_6' title="bbox 200 1749 1252 2188">
     <span class='ocr_line' id='line_1_13' title="bbox 200 1749 1252 1842; baseline 0.001 -23"><span class='ocrx_word' id='word_1_86' title='bbox 200 1771 317 1840; x_wconf 88' lang='lat' dir='ltr'>neque</span> <span class='ocrx_word' id='word_1_87' title='bbox 333 1751 370 1818; x_wconf 92' lang='lat' dir='ltr'>in</span> <span class='ocrx_word' id='word_1_88' title='bbox 389 1749 496 1830; x_wconf 88' lang='lat' dir='ltr'>libris,</span> <span class='ocrx_word' id='word_1_89' title='bbox 509 1773 625 1840; x_wconf 91' lang='lat' dir='ltr'>neque</span> <span class='ocrx_word' id='word_1_90' title='bbox 642 1750 679 1819; x_wconf 91' lang='lat' dir='ltr'>in</span> <span class='ocrx_word' id='word_1_91' title='bbox 698 1751 890 1842; x_wconf 83' lang='lat' dir='ltr'>republica,</span> <span class='ocrx_word' id='word_1_92' title='bbox 907 1774 1023 1840; x_wconf 89' lang='lat' dir='ltr'>neque</span> <span class='ocrx_word' id='word_1_93' title='bbox 1039 1752 1077 1820; x_wconf 90' lang='lat' dir='ltr'>in</span> <span class='ocrx_word' id='word_1_94' title='bbox 1093 1751 1252 1820; x_wconf 89' lang='lat' dir='ltr'>moribus</span> 
     </span>
     <span class='ocr_line' id='line_1_14' title="bbox 201 1864 1252 1958; baseline 0 -24"><span class='ocrx_word' id='word_1_95' title='bbox 201 1873 239 1935; x_wconf 90' lang='lat' dir='ltr'>et</span> <span class='ocrx_word' id='word_1_96' title='bbox 257 1866 332 1935; x_wconf 84' lang='lat' dir='ltr'>vita</span> <span class='ocrx_word' id='word_1_97' title='bbox 348 1867 539 1947; x_wconf 89' lang='lat' dir='ltr'>communi,</span> <span class='ocrx_word' id='word_1_98' title='bbox 555 1878 597 1934; x_wconf 90' lang='lat' dir='ltr'>ut</span> <span class='ocrx_word' id='word_1_99' title='bbox 614 1888 686 1934; x_wconf 91' lang='lat' dir='ltr'>non</span> <span class='ocrx_word' id='word_1_100' title='bbox 703 1864 809 1958; x_wconf 86' lang='lat' dir='ltr'>longe</span> <span class='ocrx_word' id='word_1_101' title='bbox 826 1865 928 1957; x_wconf 85' lang='lat' dir='ltr'>plura</span> <span class='ocrx_word' id='word_1_102' title='bbox 944 1889 985 1935; x_wconf 93' lang='lat' dir='ltr'>ao</span> <span class='ocrx_word' id='word_1_103' title='bbox 1002 1868 1136 1956; x_wconf 87' lang='lat' dir='ltr'>majora</span> <span class='ocrx_word' id='word_1_104' title='bbox 1153 1866 1252 1958; x_wconf 86' lang='lat' dir='ltr'>inge-</span> 
     </span>
     <span class='ocr_line' id='line_1_15' title="bbox 200 1981 1252 2071; baseline -0.001 -22"><span class='ocrx_word' id='word_1_105' title='bbox 200 1981 260 2050; x_wconf 91' lang='lat' dir='ltr'>nio</span> <span class='ocrx_word' id='word_1_106' title='bbox 284 1981 462 2071; x_wconf 86' lang='lat' dir='ltr'>cujusque,</span> <span class='ocrx_word' id='word_1_107' title='bbox 485 1983 621 2063; x_wconf 88' lang='lat' dir='ltr'>virtuti,</span> <span class='ocrx_word' id='word_1_108' title='bbox 643 1981 834 2063; x_wconf 86' lang='lat' dir='ltr'>industriae,</span> <span class='ocrx_word' id='word_1_109' title='bbox 861 1982 1037 2050; x_wconf 88' lang='lat' dir='ltr'>liberrime</span> <span class='ocrx_word' id='word_1_110' title='bbox 1065 1983 1252 2051; x_wconf 81' lang='lat' dir='ltr'>crederent</span> 
     </span>
     <span class='ocr_line' id='line_1_16' title="bbox 202 2095 767 2188; baseline 0.002 -23"><span class='ocrx_word' id='word_1_111' title='bbox 202 2117 223 2166; x_wconf 87' lang='lat' dir='ltr'>a</span> <span class='ocrx_word' id='word_1_112' title='bbox 240 2095 400 2164; x_wconf 91' lang='lat' dir='ltr'>Numine</span> <span class='ocrx_word' id='word_1_113' title='bbox 418 2096 580 2188; x_wconf 82' lang='lat' dir='ltr'>Benigno</span> <span class='ocrx_word' id='word_1_114' title='bbox 597 2097 767 2187; x_wconf 88' lang='lat' dir='ltr'>permitti.</span> 
     </span>
    </p>

    <p class='ocr_par' dir='ltr' id='par_1_7' title="bbox 200 2191 1253 2973">
     <span class='ocr_line' id='line_1_17' title="bbox 270 2191 1253 2301; baseline -0.001 -21"><span class='ocrx_word' id='word_1_115' title='bbox 270 2208 332 2280; x_wconf 91' lang='lat' dir='ltr'>Ad</span> <span class='ocrx_word' id='word_1_116' title='bbox 366 2233 551 2293; x_wconf 88' lang='lat' dir='ltr'>summam,</span> <span class='ocrx_word' id='word_1_117' title='bbox 587 2211 796 2293; x_wconf 89' lang='lat' dir='ltr'>Homerum,</span> <span class='ocrx_word' id='word_1_118' title='bbox 831 2210 973 2301; x_wconf 89' lang='lat' dir='ltr'>qualem</span> <span class='ocrx_word' id='word_1_119' title='bbox 993 2191 996 2195; x_wconf 32' lang='lat'>⁵</span> <span class='ocrx_word' id='word_1_120' title='bbox 1013 2210 1114 2279; x_wconf 88' lang='lat' dir='ltr'>nobis</span> <span class='ocrx_word' id='word_1_121' title='bbox 1149 2210 1253 2279; x_wconf 91' lang='lat' dir='ltr'>initio</span> 
     </span>
     <span class='ocr_line' id='line_1_18' title="bbox 200 2325 1253 2417; baseline -0.002 -21"><span class='ocrx_word' id='word_1_122' title='bbox 200 2327 347 2396; x_wconf 87' lang='lat' dir='ltr'>tradidit</span> <span class='ocrx_word' id='word_1_123' title='bbox 377 2327 515 2395; x_wconf 89' lang='lat' dir='ltr'>erudita</span> <span class='ocrx_word' id='word_1_124' title='bbox 549 2327 751 2417; x_wconf 90' lang='lat' dir='ltr'>antiquitas,</span> <span class='ocrx_word' id='word_1_125' title='bbox 782 2325 854 2394; x_wconf 87' lang='lat' dir='ltr'>laeti</span> <span class='ocrx_word' id='word_1_126' title='bbox 890 2349 931 2394; x_wconf 89' lang='lat' dir='ltr'>ao</span> <span class='ocrx_word' id='word_1_127' title='bbox 965 2325 1130 2395; x_wconf 87' lang='lat' dir='ltr'>lubentes</span> <span class='ocrx_word' id='word_1_128' title='bbox 1161 2327 1253 2395; x_wconf 90' lang='lat' dir='ltr'>acci-</span> 
     </span>
     <span class='ocr_line' id='line_1_19' title="bbox 201 2440 1253 2533; baseline 0 -23"><span class='ocrx_word' id='word_1_129' title='bbox 201 2443 363 2533; x_wconf 89' lang='lat' dir='ltr'>piamus:</span> <span class='ocrx_word' id='word_1_130' title='bbox 399 2442 583 2511; x_wconf 88' lang='lat' dir='ltr'>Pisistrato</span> <span class='ocrx_word' id='word_1_131' title='bbox 614 2465 677 2510; x_wconf 87' lang='lat' dir='ltr'>sua</span> <span class='ocrx_word' id='word_1_132' title='bbox 710 2440 788 2512; x_wconf 89' lang='lat' dir='ltr'>laus</span> <span class='ocrx_word' id='word_1_133' title='bbox 823 2443 879 2521; x_wconf 89' lang='lat' dir='ltr'>sit,</span> <span class='ocrx_word' id='word_1_134' title='bbox 910 2448 972 2510; x_wconf 90' lang='lat' dir='ltr'>aut</span> <span class='ocrx_word' id='word_1_135' title='bbox 1002 2441 1161 2531; x_wconf 86' lang='lat' dir='ltr'>quisquis</span> <span class='ocrx_word' id='word_1_136' title='bbox 1191 2440 1253 2510; x_wconf 89' lang='lat' dir='ltr'>ille</span> 
     </span>
     <span class='ocr_line' id='line_1_20' title="bbox 202 2555 1251 2647; baseline -0.003 -21"><span class='ocrx_word' id='word_1_137' title='bbox 202 2557 347 2626; x_wconf 88' lang='lat' dir='ltr'>tandem</span> <span class='ocrx_word' id='word_1_138' title='bbox 373 2557 491 2639; x_wconf 86' lang='lat' dir='ltr'>fuerit,</span> <span class='ocrx_word' id='word_1_139' title='bbox 515 2558 577 2646; x_wconf 92' lang='lat' dir='ltr'>qui</span> <span class='ocrx_word' id='word_1_140' title='bbox 603 2557 750 2647; x_wconf 87' lang='lat' dir='ltr'>disjecta</span> <span class='ocrx_word' id='word_1_141' title='bbox 774 2557 895 2625; x_wconf 86' lang='lat' dir='ltr'>Poetae</span> <span class='ocrx_word' id='word_1_142' title='bbox 921 2555 1080 2625; x_wconf 89' lang='lat' dir='ltr'>membra</span> <span class='ocrx_word' id='word_1_143' title='bbox 1105 2557 1251 2646; x_wconf 91' lang='lat' dir='ltr'>conqui-</span> 
     </span>
     <span class='ocr_line' id='line_1_21' title="bbox 202 2669 1252 2763; baseline -0.002 -23"><span class='ocrx_word' id='word_1_144' title='bbox 202 2673 312 2742; x_wconf 92' lang='lat' dir='ltr'>renda</span> <span class='ocrx_word' id='word_1_145' title='bbox 341 2672 515 2741; x_wconf 88' lang='lat' dir='ltr'>curaverit</span> <span class='ocrx_word' id='word_1_146' title='bbox 546 2679 583 2739; x_wconf 89' lang='lat' dir='ltr'>et</span> <span class='ocrx_word' id='word_1_147' title='bbox 613 2673 652 2739; x_wconf 92' lang='lat' dir='ltr'>in</span> <span class='ocrx_word' id='word_1_148' title='bbox 682 2695 793 2740; x_wconf 91' lang='lat' dir='ltr'>unum</span> <span class='ocrx_word' id='word_1_149' title='bbox 824 2671 1003 2763; x_wconf 84' lang='lat' dir='ltr'>cogenda;</span> <span class='ocrx_word' id='word_1_150' title='bbox 1038 2669 1089 2738; x_wconf 90' lang='lat' dir='ltr'>ita</span> <span class='ocrx_word' id='word_1_151' title='bbox 1119 2678 1252 2752; x_wconf 85' lang='lat' dir='ltr'>tamen,</span> 
     </span>
     <span class='ocr_line' id='line_1_22' title="bbox 202 2786 1252 2878; baseline 0 -22"><span class='ocrx_word' id='word_1_152' title='bbox 202 2796 245 2857; x_wconf 93' lang='lat' dir='ltr'>ut</span> <span class='ocrx_word' id='word_1_153' title='bbox 278 2811 349 2858; x_wconf 93' lang='lat' dir='ltr'>non</span> <span class='ocrx_word' id='word_1_154' title='bbox 384 2811 477 2869; x_wconf 90' lang='lat' dir='ltr'>casu,</span> <span class='ocrx_word' id='word_1_155' title='bbox 513 2787 575 2856; x_wconf 88' lang='lat' dir='ltr'>sed</span> <span class='ocrx_word' id='word_1_156' title='bbox 612 2787 758 2856; x_wconf 89' lang='lat' dir='ltr'>consilio</span> <span class='ocrx_word' id='word_1_157' title='bbox 796 2810 888 2878; x_wconf 89' lang='lat' dir='ltr'>pene</span> <span class='ocrx_word' id='word_1_158' title='bbox 928 2786 1046 2854; x_wconf 88' lang='lat' dir='ltr'>divino</span> <span class='ocrx_word' id='word_1_159' title='bbox 1086 2786 1252 2868; x_wconf 87' lang='lat' dir='ltr'>auctoris,</span> 
     </span>
     <span class='ocr_line' id='line_1_23' title="bbox 202 2902 856 2973; baseline -0.003 -1"><span class='ocrx_word' id='word_1_160' title='bbox 202 2903 333 2973; x_wconf 84' lang='lat' dir='ltr'>Totum</span> <span class='ocrx_word' id='word_1_161' title='bbox 351 2902 439 2972; x_wconf 92' lang='lat' dir='ltr'>illud</span> <span class='ocrx_word' id='word_1_162' title='bbox 458 2903 581 2971; x_wconf 86' lang='lat' dir='ltr'>coiisse</span> <span class='ocrx_word' id='word_1_163' title='bbox 599 2903 856 2972; x_wconf 81' lang='lat' dir='ltr'>existimemus</span> 
     </span>
    </p>

    <p class='ocr_par' dir='ltr' id='par_1_8' title="bbox 203 3012 1253 3225">
     <span class='ocr_line' id='line_1_24' title="bbox 267 3012 1253 3108; baseline -0.004 -22"><span class='ocrx_word' id='word_1_164' title='bbox 267 3017 476 3086; x_wconf 88' lang='lat' dir='ltr'>Proximum</span> <span class='ocrx_word' id='word_1_165' title='bbox 506 3025 570 3097; x_wconf 84' lang='lat' dir='ltr'>cst,</span> <span class='ocrx_word' id='word_1_166' title='bbox 597 3025 638 3084; x_wconf 90' lang='lat' dir='ltr'>ut</span> <span class='ocrx_word' id='word_1_167' title='bbox 669 3017 744 3108; x_wconf 88' lang='lat' dir='ltr'>ejus</span> <span class='ocrx_word' id='word_1_168' title='bbox 774 3016 909 3085; x_wconf 89' lang='lat' dir='ltr'>consilii</span> <span class='ocrx_word' id='word_1_169' title='bbox 939 3036 1078 3084; x_wconf 91' lang='lat' dir='ltr'>summa</span> <span class='ocrx_word' id='word_1_170' title='bbox 1103 3036 1181 3105; x_wconf 88' lang='lat' dir='ltr'>quae</span> <span class='ocrx_word' id='word_1_171' title='bbox 1207 3012 1253 3082; x_wconf 90' lang='lat' dir='ltr'>sit</span> 
     </span>
     <span class='ocr_line' id='line_1_25' title="bbox 203 3129 1252 3225; baseline -0.003 -23"><span class='ocrx_word' id='word_1_172' title='bbox 203 3133 408 3225; x_wconf 85' lang='lat' dir='ltr'>diligentius</span> <span class='ocrx_word' id='word_1_173' title='bbox 433 3154 661 3223; x_wconf 83' lang='lat' dir='ltr'>exponamus,</span> <span class='ocrx_word' id='word_1_174' title='bbox 677 3132 902 3225; x_wconf 84' lang='lat' dir='ltr'>argumentis</span> <span class='ocrx_word' id='word_1_175' title='bbox 923 3130 968 3200; x_wconf 90' lang='lat' dir='ltr'>ab</span> <span class='ocrx_word' id='word_1_176' title='bbox 993 3130 1069 3221; x_wconf 90' lang='lat' dir='ltr'>ipso</span> <span class='ocrx_word' id='word_1_177' title='bbox 1096 3129 1252 3208; x_wconf 80' lang='lat' dir='ltr'>carmina</span> 
     </span>
    </p>
   </div>
   <div class='ocr_carea' id='block_1_7' title="bbox 112 3247 331 3324">
    <p class='ocr_par' dir='ltr' id='par_1_9' title="bbox 112 3247 331 3324">
     <span class='ocr_line' id='line_1_26' title="bbox 112 3247 331 3324; baseline -0.027 0"><span class='ocrx_word' id='word_1_178' title='bbox 112 3267 116 3275; x_wconf 87' lang='lat'><em>&#39;</em></span> <span class='ocrx_word' id='word_1_179' title='bbox 204 3247 331 3324; x_wconf 85' lang='lat' dir='ltr'>allatis.</span> 
     </span>
    </p>
   </div>
   <div class='ocr_carea' id='block_1_8' title="bbox 0 0 1376 4866">
    <p class='ocr_par' dir='ltr' id='par_1_10' title="bbox 0 0 1376 4866">
     <span class='ocr_line' id='line_1_27' title="bbox 0 0 1376 4866; baseline 0 0"><span class='ocrx_word' id='word_1_180' title='bbox 0 0 1376 4866; x_wconf 95' lang='lat' dir='ltr'> </span> 
     </span>
    </p>
   </div>
  </div>
 </body>
</html>
