2738 4866
155 327 219 389 102
406 323 540 388 Achillis
554 345 625 409 ινρα
639 323 766 386 seniores
781 321 958 385 reuerentia.
1040 343 1136 383 rnna.
1150 341 1201 382 vn.

156 499 231 590 ejus
261 517 342 566 curn
370 493 511 565 Priamo
539 495 714 586 colloquio
741 503 924 565 narratur:
961 517 1032 585 quo
1059 493 1098 561 in
1124 490 1203 561 loco

156 634 296 704 semper
332 610 451 681 videre
488 611 576 681 mihi
614 611 737 680 videor
775 610 996 681 verissimum
1034 607 1204 700 temporis

156 728 288 798 heroici
306 727 496 819 specimen.

296 854 376 910 αὕτικ’
388 855 439 909 ἀπὸ
452 855 545 926 θρόνου
558 853 634 926 ὦρτο,
647 856 757 927 γέροντα
769 855 798 908 δέ
808 855 897 926 χειρὸς
907 854 1009 922 ἀνίστη,

297 941 427 1012 οἰκτείρων
438 943 531 995 πολιόν
543 963 571 994 τε
584 942 656 1010 κάρη,
668 942 763 994 πολιόν
774 962 806 993 τε
813 940 938 1011 γένειονῑ.

158 1049 207 1119 Et
223 1055 303 1140 post
319 1046 449 1139 paullo,

296 1171 356 1228 ἀλλ’
369 1171 416 1243 ἀγὲ
429 1172 460 1241 δὴ
473 1172 515 1225 καὶ
526 1178 571 1226 νῶι
582 1171 727 1241 μεδώμεθα,
740 1173 779 1225 δῖε
790 1172 887 1243 γεραιὲ,

299 1260 383 1322 σίτου,
397 1257 484 1312 έπειτά
495 1279 538 1312 κεν
550 1260 611 1311 αὔτε
622 1259 704 1328 φιλον
714 1259 793 1312 παῖδα
805 1257 951 1319 κλαίοισθα,

292 1342 377 1399 Ἴλιον
388 1341 541 1414 είσαγιίγων·
560 1341 754 1413 πολυδάκρυτος
765 1343 795 1398 δέ
806 1365 846 1397 τοι
857 1343 977 1398 ἕσται.-

299 1430 380 1501 αὗτδρ
393 1428 448 1483 έπεὶ
459 1431 554 1484 πόσιος
565 1429 607 1482 καὶ
619 1428 724 1496 ε’δίητνος
736 1429 766 1498 έξ
778 1430 837 1498 ἔρον
848 1427 915 1490 ἕντο,

297 1518 354 1584 ἤτοι
366 1513 525 1583 Δαρδανίδης
536 1514 654 1583 Πρίαμος
666 1513 773 1583 θαύμαζ’
785 1514 904 1585 Ἀχιλῆα,

300 1600 384 1656 ὅσσος
395 1601 448 1668 ἔην,
461 1599 515 1656 οἶός
527 1617 563 1655 τε·
584 1600 667 1656 θεοῖσι
679 1602 729 1672 γὰρ
742 1601 805 1655 ι’ίντα
816 1599 896 1672 ἐῴκει·

300 1686 380 1756 αὐτὰρ
393 1686 553 1756 Δαρδανίδην
564 1687 681 1757 Πρίαμον
693 1687 819 1756 θαύμαζεν
829 1685 976 1755 Ἀχιλλεὺς,

299 1772 425 1842 είσορόων
436 1770 502 1843 ὄψιν
513 1771 534 1825 τ’
548 1771 654 1842 ἇγαθην,
667 1772 709 1824 καὶ
720 1771 802 1841 μύθον
813 1771 920 1826 ἀκούων.

210 1879 279 1950 His
296 1880 440 1949 omnino
458 1887 733 1949 consentaneum
753 1887 839 1962 erat,
853 1887 895 1948 ut
912 1876 1041 1971 insigni
1056 1878 1206 1969 quadam

159 1995 356 2066 reverentia
369 1994 461 2064 viros
478 2002 751 2086 prosequeretur
767 2002 873 2064 aetate
889 2002 1084 2085 provectos,
1107 2045 1109 2055 .
1139 1991 1209 2062 Ita·

160 2136 230 2203 que
244 2110 422 2192 Phoenica,
441 2132 643 2201 quanquam
658 2107 920 2201 Agamemnoni
937 2109 1206 2202 gratificantem,

160 2225 355 2296 lautissimo
393 2226 558 2317 hospitio,
597 2225 825 2295 blandissimo
865 2248 1026 2296 sermone
1065 2224 1207 2315 excipit.

162 2341 318 2411 Nestora
333 2340 427 2410 ludis
444 2340 656 2410 assidentem
675 2339 790 2410 verbis
807 2340 1082 2430 muneribusque
1100 2338 1209 2408 ambi-

161 2455 251 2523 tiose
282 2454 378 2536 colit,
407 2454 452 2523 ab
483 2477 596 2544 eoque
624 2456 776 2524 vicissim
806 2478 865 2525 eas
896 2462 1054 2546 reportat
1082 2461 1209 2546 grates,

162 2570 289 2660 quibus
318 2569 473 2639 maxime
504 2570 624 2639 decuit
653 2593 862 2662 generosum
886 2571 1058 2662 juvenem
1088 2592 1111 2638 a
1134 2591 1210 2661 gra-

162 2685 303 2756 vissimo
321 2708 405 2756 sene
423 2687 547 2756 ornari.

303 2816 380 2868 τοῦτο
392 2812 414 2868 δ’
428 2813 479 2885 ἐγὼ
490 2816 620 2885 πρόφρων
631 2814 748 2886 δέχομαι,
760 2817 845 2887 χαίρει
858 2815 887 2869 δέ
898 2837 942 2884 μοι
954 2813 1026 2884 ἦτορ,

303 2902 338 2958 ὥς
348 2923 396 2970 μευ
408 2901 448 2954 ἀεὶ
459 2901 587 2970 μέμνησαι
599 2901 693 2969 ἐνηέος,
705 2901 765 2955 οὐδέ
777 2925 809 2957 σε
821 2900 901 2970 λήθω,

303 2991 378 3057 τιμῆς
389 2987 419 3056 ἧς
430 2988 461 3041 τέ
469 2988 495 3057 μ’
509 2990 575 3042 ἔοικε
587 2989 737 3058 τετιμῆσθαι
748 2988 802 3058 μετ’
813 2988 937 3059 Ἀχαιοῖς,

305 3075 349 3128 σοὶ
362 3075 390 3128 δὲ
403 3075 457 3130 θεοὶ
469 3075 542 3129 τῶνδ’
555 3075 611 3130 ἀντί
622 3075 697 3146 χάριν
708 3075 838 3145 μενοεικέα
849 3076 945 3130 δοῖενῑ).

165 3180 238 3262 Qui
276 3204 396 3252 versus
434 3184 555 3274 ipsam,
596 3191 638 3252 ut
675 3183 761 3251 mihi
802 3184 950 3263 videtur,
987 3179 1212 3273 elegantioris

164 3294 396 3365 humanitatis
414 3297 546 3388 spirant
563 3298 727 3366 animam.

216 3407 346 3500 Neque
376 3434 459 3481 vero
489 3435 552 3481 nos
582 3413 618 3480 in
645 3413 751 3482 meris
777 3413 922 3506 argutiis
952 3420 1056 3502 putet
1086 3409 1212 3501 aliquis

165 3523 286 3614 inepte
309 3527 448 3608 morari,
470 3528 497 3596 si
521 3551 631 3595 unum
658 3536 695 3596 et
720 3527 871 3597 alterum
898 3526 1068 3596 addamus
1092 3525 1137 3594 de
1159 3525 1212 3606 iis,

166 3662 247 3729 quae
276 3647 445 3730 tanquam
479 3641 628 3711 fortuito
663 3653 700 3712 et
734 3642 829 3712 aliud
864 3643 1000 3734 agendo
1032 3641 1213 3710 declarant

166 3753 346 3823 fortissimi
374 3756 439 3824 viri
470 3756 567 3836 ἧθοςτ
602 3758 675 3826 sive
702 3757 869 3828 Phthiam
900 3756 961 3827 ille
989 3779 1088 3826 suam
1118 3755 1213 3825 fideli

167 3872 336 3940 memoria
354 3880 547 3955 conservet,
561 3882 708 3943 moestus
721 3874 886 3944 videlicet
900 3873 1073 3942 desiderio
1087 3872 1213 3942 natalis

167 3984 242 4068 soli,
260 3995 507 4081 uotorumque,
525 3976 652 4081 quibus
670 4014 758 4082 puer
773 3992 935 4071 assuevit,
953 3990 1134 4060 locorum:

519 4172 528 4192 ι
549 4177 554 4190 .
576 4178 582 4190 .
602 4137 671 4205 ἐπειὴ
684 4135 754 4207 μάλα
764 4137 852 4191 πολλὰ
863 4136 959 4206 μεταξὺ

345 4218 429 4290 Οὔρεα
440 4243 467 4274 τε
480 4225 606 4286 σκιόεντα,
620 4221 743 4277 θάλασσά
754 4245 782 4277 τε
794 4221 939 4293 ἦχίηεσσαο
959 4263 965 4275 .
987 4263 993 4274 .
1015 4263 1021 4275 .

310 4347 324 4374 ²
343 4337 374 4392 ll.
387 4341 457 4394 xxiv.
471 4355 532 4410 515.
651 4342 666 4380 b
683 4342 756 4396 xxiii.
770 4342 831 4411 647·
950 4349 963 4376 ⁰
982 4339 999 4392 i·
1016 4339 1074 4408 15⁶·
