2738 4866
155 356 250 396 rann.
264 356 297 395 x.
313 334 512 418 Bcpaitioues
525 344 553 396 et
568 336 661 397 οἰκεῖα
675 355 744 397 συιιι
756 334 879 397 rusticis
892 334 1053 397 maeoniae.
1143 332 1199 394 161

156 502 375 572 narrationes
392 500 571 570 interdum
590 501 845 593 longiusculas:
871 504 1064 592 praesertim
1084 502 1146 570 ubi
1160 504 1206 571 de

156 617 291 685 nuntiis
318 617 444 708 agitur,
475 640 604 687 munus
632 640 735 686 suum
762 616 898 687 solicite
922 617 1126 701 tuentibus;
1160 618 1204 685 de

156 729 253 800 Iride
277 732 430 820 quadam
456 740 518 800 aut
547 730 727 822 Apolline,
758 733 916 800 missisve
947 733 992 801 ad
1021 731 1203 801 Achillem

156 845 294 938 legatis.
350 845 465 936 Atqui
501 846 655 915 eundem
690 868 767 916 esse
802 869 938 915 morem
972 869 1105 928 eorum,
1144 848 1204 938 qui

156 959 310 1052 simplici
345 968 382 1027 et
421 961 551 1052 agresti
590 961 707 1029 animo
746 983 800 1028 res
838 970 1011 1041 enarrant,
1046 961 1204 1051 quotidie

159 1073 334 1142 videmus.

208 1187 394 1269 Praeterea,
423 1211 494 1256 non
521 1189 668 1258 obscure
694 1188 831 1258 redolet
857 1196 934 1257 tum
960 1189 1205 1266 rusticitatem,

158 1311 237 1373 tum
261 1303 438 1386 militiam,
455 1305 550 1393 quod
576 1305 613 1372 in
639 1304 700 1373 illo
727 1327 850 1396 regum
873 1305 1075 1394 ducumque
1098 1303 1205 1371 choro

159 1421 218 1488 vix
250 1442 361 1487 unum
389 1418 611 1510 alterumque
638 1421 807 1501 invenias,
836 1421 893 1488 oui
924 1442 995 1487 non
1030 1418 1205 1487 adhaereat

158 1555 263 1602 suum
294 1534 556 1624 quodammodo
588 1557 799 1626 cognomen.
867 1533 963 1603 Hinc
998 1532 1069 1612 illa,
1103 1529 1207 1603 ποδὰς

157 1646 235 1720 ον’κύς
249 1645 440 1742 Ἀχιλλεύς,
458 1647 704 1743 νεφεληγὲρετα
722 1647 809 1732 Ζεύς,
826 1648 1039 1744 κορυθαίολος
1056 1645 1206 1741 Ἕκτωρ,
1229 1719 1230 1723 ς

159 1773 330 1834 sexcenta
346 1762 425 1833 alia.
471 1764 582 1833 Erant
599 1764 671 1832 illae
689 1764 847 1833 formulae
866 1748 1028 1832 solennes
1045 1786 1086 1832 ac
1103 1783 1206 1852 paene

160 1877 338 1970 legitimae,
360 1903 446 1971 quas
465 1889 605 1950 tantum
632 1903 703 1948 non
727 1880 850 1971 religio
871 1878 994 1949 fuisset
1020 1879 1207 1969 praeterire.

162 1988 292 2080 Neque
311 1994 447 2061 veroin
464 1991 562 2061 Deos
580 1991 673 2062 solos
696 1992 927 2084 hominesque
951 1993 1117 2062 convenit
1140 1991 1207 2061 iste

160 2111 225 2175 τῶν
242 2107 363 2176 οἰκείων
380 2129 482 2178 usus:
510 2130 633 2176 verum
651 2111 760 2177 etiam
781 2133 856 2179 rem
875 2130 1051 2199 quamque
1068 2108 1208 2177 notissi-

161 2242 257 2288 mam
277 2243 341 2290 suo
362 2229 532 2312 tanquam
556 2223 717 2312 apposito
743 2222 890 2289 ornavit.
943 2218 1109 2310 Exempli
1126 2219 1224 2288 locow

162 2336 244 2418 sint,
276 2335 459 2428 τανηλὲγης
485 2334 638 2420 θάνατος,
664 2336 847 2432 ἀτρύγετος
874 2336 1042 2416 θάλασσα,
1069 2335 1209 2428 μέροπες

162 2447 340 2545 ἄνθρωποι,
365 2455 491 2546 κήρυκες
516 2452 763 2546 λιγύφθογγοι,
789 2452 928 2546 μώνυχες
950 2451 1060 2532 ἵπποι,
1084 2458 1210 2519 caetera

161 2565 197 2632 id
225 2588 348 2658 genus.
401 2567 455 2636 Ea
488 2568 549 2658 qui
581 2567 722 2637 fastidio
753 2567 896 2649 habent,
927 2589 1052 2658 parum
1082 2566 1210 2634 vidisse

161 2683 311 2773 putandi
342 2690 425 2752 sunt
453 2683 490 2751 in
520 2682 670 2774 simplici
701 2682 763 2750 illo
793 2705 834 2752 ac
864 2681 1003 2772 plebeio
1038 2703 1210 2759 sermone,

161 2797 262 2887 cujus
291 2799 390 2888 quasi
415 2821 539 2867 norma
564 2799 599 2866 in
627 2797 828 2866 Homericis
854 2796 1069 2866 omniafere
1093 2797 1210 2864 metiri

162 2910 346 2982 debemus.
605 2895 608 2899 ¹

213 3025 337 3096 Unum
363 3050 466 3118 porro
491 3051 604 3120 genus
630 3036 685 3098 est
712 3052 834 3098 eorum
853 3051 930 3119 quae
947 3035 1139 3096 tractamus
1164 3026 1211 3093 οἰ-

161 3141 260 3224 κείων,
278 3165 349 3233 quo
376 3142 463 3211 nihil
491 3151 554 3212 aut
579 3145 615 3212 in
642 3166 680 3213 se
702 3144 886 3212 venustius
909 3150 971 3211 aut
995 3143 1078 3210 foris
1099 3140 1207 3209 vitam

161 3258 284 3348 agenti
310 3260 577 3328 convenientius
602 3259 749 3352 cogitari
776 3266 912 3349 potest:
944 3281 986 3327 ea
1014 3257 1103 3339 dice,
1134 3279 1211 3347 quae

161 3370 303 3464 singula
319 3372 429 3442 semel
448 3375 570 3443 audita
586 3380 833 3467 repraesentant
856 3373 1116 3463 quodammodo
1134 3373 1212 3440 uni-

162 3508 298 3556 versam
323 3489 372 3558 rei
390 3489 527 3558 faciem.
579 3489 786 3580 Cujusmodi
815 3496 898 3558 sunt
924 3486 985 3556 illa
1003 3488 1047 3556 de
1064 3485 1210 3555 flumine

161 3598 357 3672 herbosod:

303 3746 447 3801 'Aco'rrrouh'
460 3747 545 3802 ἵκοντο
557 3747 743 3818 βαθύσχοινον,
755 3747 902 3817 λεχεποίην.

162 3879 283 3949 Etiam
309 3904 352 3950 ea
378 3882 550 3973 praeclara,
569 3906 646 3974 quae
669 3894 828 3952 armenta
851 3887 1056 3972 pascentem
1082 3880 1212 3949 descri-

161 3994 271 4064 bunte

297 4112 370 4183 Ἴδης
382 4139 409 4170 εν
421 4120 539 4185 κνημοῖσι
551 4115 721 4187 πολυπτύχου
734 4117 875 4184 ὑληέσσης.

304 4325 315 4356 ⁴¹
334 4325 366 4380 11.
378 4328 414 4381 iv.
427 4329 488 4396 383.
913 4333 924 4355 ⁶
941 4325 995 4378 xxi.
1009 4343 1069 4395 449.
1176 4373 1179 4380 .
