2738 4866
155 342 249 381 1001.
260 341 281 379 1.
345 327 408 380 tam
422 317 641 384 Numerarem,
658 334 750 396 quam
768 311 944 374 Plootoriae
958 333 1018 396 ope.
1161 314 1199 374 ll

203 490 346 579 Νο10ρο
356 488 479 556 0101110
489 487 697 577 magnisque
707 486 812 554 rebus
823 509 893 554 uno
905 487 1101 575 eodemque
1112 496 1204 554 tem-

155 629 240 696 pore
253 604 500 697 ingruentibus
513 624 678 692 oppressa
690 610 798 690 atque
812 600 940 669 obruta
952 624 1062 681 mens,
1080 610 1118 669 et
1133 625 1203 691 quo

156 743 194 789 se
207 720 321 811 primo
334 724 490 786 verteret
503 717 630 795 nescia,
645 715 825 804 quaerebat
839 718 932 804 quod
948 717 1013 785 sibi
1032 714 1202 796 similiter,

156 858 197 903 00
221 843 351 902 vexato
373 834 507 924 corpori
533 840 615 901 sunt
637 831 812 921 lacrymae,
832 832 987 900 remedio
1014 842 1051 899 et
1077 831 1204 900 solatio

156 950 260 1018 foret.
315 949 419 1031 Quod
441 950 555 1039 ipsum
584 948 708 1036 utique
732 946 930 1015 desiderare
954 948 1114 1017 dicebam
1141 947 1204 1014 bo·

156 1066 270 1147 mines
291 1064 480 1153 impotenti
499 1061 629 1130 affectu
647 1061 819 1150 percitos:
848 1060 915 1128 hoc
937 1069 1077 1129 tantum
1095 1061 1205 1128 inter-

156 1189 254 1262 erat3
285 1178 365 1247 illos
388 1177 602 1245 verecundia
631 1175 726 1264 loqui
752 1176 973 1265 prohibebat,
997 1177 1052 1244 his
1078 1176 1205 1245 elatior

155 1303 211 1363 001
234 1315 367 1372 000000,
385 1314 492 1382 quam
513 1291 573 1380 qui
597 1312 759 1358 sermone
782 1290 849 1358 hoc
875 1292 1080 1380 quotidiano
1105 1315 1205 1359 mon-

156 1410 257 1478 strari
275 1419 337 1476 aut
356 1417 462 1497 queat
479 1416 541 1475 aut
559 1406 668 1474 etiam
687 1406 784 1473 velit.

216 1524 403 1615 Optimum
433 1524 542 1614 igitur
570 1522 729 1610 utrisque
760 1521 953 1588 subsidium
985 1545 1204 1612 comparasse
1289 1558 1293 1563 ·

156 1640 306 1708 dicimus
332 1660 410 1706 eam
433 1638 505 1704 vim
530 1635 664 1726 providi
691 1658 731 1703 ac
758 1620 1227 1726 11001001Νο111100,0000ο

155 1777 226 1822 non
244 1753 374 1822 coelum
391 1753 552 1820 modoet
570 1758 689 1830 terras,
708 1751 768 1818 sed
788 1751 893 1818 corda
910 1774 1049 1840 quoque
1074 1765 1206 1821 morta-

155 1868 244 1936 lium
279 1876 466 1958 temperat,
498 1866 591 1956 quod
627 1889 669 1934 ea
699 1864 836 1934 Possm
866 1865 1067 1935 hominibus
1095 1868 1204 1936 dedit.

158 1984 238 2052 Nec
273 2006 340 2075 ego
371 1982 473 2051 valde
504 2004 598 2049 nunc
630 1979 762 2062 laboro,
789 1981 873 2071 quid
904 1991 1006 2050 sonet
1032 1982 1106 2050 haec
1134 2006 1204 2051 vox

157 2097 332 2166 Poeseos:
374 2119 481 2187 quarn
512 2106 553 2164 ut
588 2097 848 2164 accuratissime
883 2097 1028 2165 definire
1063 2100 1203 2187 possim,

156 2235 227 2280 non
253 2212 359 2303 hujus
382 2213 418 2281 id
440 2213 509 2280 loci
536 2221 611 2280 est:
638 2213 708 2280 duo
730 2220 872 2280 tantum
898 2212 969 2293 illa,
992 2237 1072 2303 quae
1098 2237 1203 2282 nemo

156 2327 290 2396 inficias
318 2328 395 2407 ibit,
420 2329 534 2418 posita
559 2327 647 2395 mihi
673 2338 710 2395 et
736 2351 901 2397 concessa
927 2329 1052 2397 velim:
1080 2332 1203 2420 primo,

157 2442 295 2525 Poesin,
311 2466 530 2533 quaecunque
545 2444 686 2510 demum
707 2444 762 2523 sit,
777 2467 856 2511 curn
872 2446 1026 2513 numeris
1040 2455 1077 2512 et
1091 2470 1205 2536 0000-

158 2557 219 2648 bili
251 2558 374 2626 ordine
409 2580 575 2626 sonorum
610 2558 804 2625 arctissime
835 2559 1094 2647 quodammodo
1128 2584 1204 2629 0000

157 2675 401 2762 conjunctam:
429 2672 557 2740 deinde
583 2673 619 2739 10
646 2695 688 2740 eo
714 2675 891 2763 praecipue
915 2677 1053 2753 versari,
1081 2686 1121 2743 ut
1144 2678 1205 2746 ab·

158 2789 313 2855 sentium
331 2811 447 2856 rerum
471 2789 642 2879 imagines
659 2789 814 2867 reducat,
832 2789 1015 2870 instauret,
1034 2814 1102 2880 prae
1120 2815 1202 2860 ocu·

157 2900 198 2970 lis
215 2910 346 2991 ponat;
373 2910 524 2994 cognata
543 2902 682 2991 cuique,
701 2911 737 2970 et
756 2902 892 2983 similia,
912 2915 949 2972 et
966 2903 1026 2971 iilo
1044 2908 1204 2995 quamvis

158 3017 255 3084 tenui
286 3039 456 3094 connexa,
488 3017 616 3106 partim
648 3018 882 3107 undequaque
908 3019 1025 3088 eliciat
1055 3044 1095 3089 ac
1125 3044 1204 3112 pro-

157 3130 256 3209 ferat,
274 3131 405 3221 partim
423 3131 481 3199 via
501 3141 538 3198 et
561 3132 697 3199 ratione
716 3142 925 3221 componat3
953 3135 1060 3202 verbo
1078 3137 1203 3218 dicam,

158 3243 357 3313 Plrantasiae
374 3244 551 3313 inserviat.
597 3245 759 3334 Utraque
777 3256 873 3315 certe
894 3271 938 3316 ex
957 3259 1056 3339 parte
1075 3252 1203 3320 mirum

157 3369 329 3448 quantum
356 3382 398 3428 00
420 3360 556 3428 confert
577 3360 620 3428 ad
643 3369 788 3450 pectora
809 3361 994 3430 hominum
1016 3365 1204 3436 mulcenda

157 3486 194 3543 01
227 3476 464 3543 constantiam
495 3476 675 3543 tuendam.
726 3474 819 3543 Cum
850 3478 944 3545 enim
977 3479 1014 3546 in
1051 3457 1203 3563 vocibus

158 3590 321 3667 numeris,
357 3589 470 3656 modis
505 3596 674 3668 moretur,
708 3591 864 3658 animum
903 3599 1071 3682 tanquam
1108 3595 1202 3666 aliud

157 3704 293 3794 agendo
329 3726 350 3771 a
384 3703 475 3770 curis
504 3711 541 3770 et
572 3704 761 3794 angoribus
791 3713 935 3774 avocat:
970 3729 1050 3774 cum
1083 3720 1202 3779 autem

157 3819 350 3908 phantasiae
367 3819 428 3886 det
447 3841 599 3908 operam,
617 3828 761 3887 revocet
778 3821 964 3909 praeterita,
982 3822 1101 3892 futura
1118 3848 1204 3916 prae-

157 3933 278 4024 sagiat,
293 3933 413 4000 omnia
430 3933 582 4021 denique
604 3955 646 4001 eo
664 3934 790 4013 colore,
809 3957 878 4024 quo
897 3934 983 4004 velit
1000 3961 1100 4008 mens
1117 3942 1203 4032 ipsa,

157 4048 315 4128 imbuat;
346 4048 575 4116 aestuantibus
601 4071 678 4116 0010
710 4047 893 4117 affectibus
919 4073 1061 4139 parcere
1088 4066 1125 4124 et
1150 4060 1203 4127 in-

158 4162 303 4255 dulgere
321 4161 498 4252 paulisper
514 4161 755 4254 intelligimus,
772 4175 879 4252 atque
897 4164 931 4231 id
956 4168 1081 4236 saltem
1104 4173 1204 4243 nobis

159 4277 272 4345 solatii
292 4276 492 4366 contigisse,
510 4277 603 4365 quod
618 4285 786 4368 negatum
806 4276 889 4345 olim
910 4278 1040 4349 Didoni
1059 4288 1190 4367 nocuit,

419 4443 489 4450 —
498 4413 616 4482 requiem
629 4413 796 4482 spatiumque
808 4414 901 4467 furori.
