2738 4866
157 319 221 384 186
426 322 475 384 Dc
488 324 589 384 Autro
603 331 630 384 ct
645 322 755 384 locali
771 321 943 406 Calypsus:
1056 343 1149 384 unat.
1160 343 1200 383 x1.

296 489 348 554 πῦρ
359 485 407 553 μέν
419 482 457 538 ἐπ’
471 484 618 555 ἐσχαρόφιν
629 486 695 557 μέγα
707 486 802 549 καίετο,
814 485 906 553 τηλόθι
919 484 941 539 δ’
954 485 1021 555 ὀδμὴ

296 569 388 640 κέδρου
400 569 421 623 τ’
434 571 562 624 εὐκεάτοιο
572 569 634 624 θόου
646 571 667 624 τ’
680 572 728 624 dub
739 574 819 640 νῆσον
830 572 929 634 ὀδώδει,

296 655 443 725 δαιομένων·
462 655 477 723 ἧ
491 654 513 708 δ’
526 656 599 710 ἔνδον
611 655 752 711 άοιδιάουσ’
766 656 810 710 άπὶ
823 658 898 724 καλῇ,

297 742 371 795 ἱστόν
384 741 544 811 ἐποιχομένη,
557 742 667 810 χρυσείῃ
681 741 773 811 κερκίδ’
787 739 903 810 ὕφαινεν.

296 824 345 894 ὕλη
358 827 386 879 δὲ
400 826 481 882 σπέος
492 827 560 896 ἀμφὶ
572 824 682 896 πεφύκει
694 826 855 894 τηλεθόωσα,

297 911 394 981 κλήθρη
407 911 428 965 τ’
442 910 554 982 α’ίγειρός
566 935 594 966 τε
607 915 648 965 καὶ
660 913 755 981 εὐώδης
768 914 938 982 κυπάρισσος.

207 1058 301 1127 ΙΙΙαό
321 1059 465 1148 quidem
486 1081 556 1126 non
575 1057 653 1127 leve
670 1059 829 1142 interest,
847 1060 940 1149 quod
960 1059 1037 1127 haec
1062 1058 1199 1127 omnino

156 1175 339 1267 sylvestria
366 1183 459 1255 sunt,
490 1173 552 1243 illa
581 1176 625 1243 ad
660 1174 786 1242 Circen
819 1175 1034 1264 pertinentia
1069 1173 1200 1243 cultum

156 1291 309 1381 aliquem
338 1290 510 1358 urbanum
545 1291 706 1381 sapiunt:
746 1291 878 1381 quippe
912 1291 956 1358 de
991 1291 1121 1381 quibus
1154 1290 1200 1357 di-

157 1399 289 1485 caturd,

298 1572 532 1589 ..............
541 1531 681 1602 τετυγμένα
692 1532 796 1600 δόματα
808 1532 902 1602 Κίρκης

298 1620 433 1686 ξεστοῖσιν
443 1616 551 1680 λάεσσι,
563 1616 727 1692 περισκέπτῳ
740 1617 777 1671 ε’νὶ
787 1620 874 1692 χώριρ.

296 1703 377 1759 ἔσταν
389 1703 411 1757 δ
425 1705 452 1758 έν
462 1702 618 1773 προθύροισι
622 1743 715 1758 ......

297 1790 312 1860 ή
326 1790 348 1844 δ
361 1787 419 1858 αἶψ’
434 1790 578 1859 ἐξελθοῦσα
591 1787 670 1859 θύρας
682 1787 741 1858 ὤϊξε
754 1787 868 1858 φαεινάς.

158 1913 301 1996 Quanto
319 1913 455 1982 dulcius
474 1921 511 1981 et
522 1912 715 2002 jucundius
733 1911 821 1992 haeo,
839 1934 920 2001 quae
938 1933 1008 2001 prae
1030 1933 1070 1979 se
1088 1911 1200 1979 ferunt

157 2014 319 2096 naturam
336 2050 470 2096 meram
487 2026 493 2094 ί

295 2167 357 2224 ἔνθα
369 2169 397 2223 δέ
409 2169 431 2223 τ’
444 2169 543 2238 ὀρνίθες
554 2170 734 2238 τανυσίπτεροι
747 2167 887 2234 εὐνάζοντο,

298 2262 400 2311 σκῶπες
411 2255 443 2319 τ’,
456 2255 540 2326 ίρηκές
551 2278 588 2318 τε,
600 2254 784 2326 τονάγλωσσοί
796 2278 823 2308 τε
836 2261 943 2325 κορῶναι

299 2341 415 2405 εἶναλίαι,
428 2342 504 2410 τῆσίν
515 2363 543 2395 τε
556 2340 689 2395 θαλάσσια
699 2338 765 2411 ἔργα
776 2339 899 2410 μέμηλεν.

158 2465 420 2537 Venustissime
445 2466 606 2533 nominat
636 2464 809 2554 ejusmodi
839 2486 932 2546 aveo,
961 2487 1039 2555 quae
1071 2464 1201 2534 soleant

157 2581 364 2672 plerumque
396 2581 447 2648 ire
478 2580 670 2648 dormitum
699 2581 736 2646 in
765 2578 851 2647 locis
878 2579 1035 2647 maxime
1062 2582 1201 2648 remotis

158 2705 266 2787 atque
290 2694 440 2774 abditis3
476 2695 570 2783 quod
592 2694 837 2762 desertissima
864 2693 1064 2763 solitudinis
1085 2697 1131 2764 sit
1155 2696 1201 2762 in-

146 2812 261 2903 ¹dicio.

297 2937 336 3006 ἧδ’
350 2921 429 2991 αὐτοῦ
441 2936 581 2991 τετάνυστο
594 2939 653 3006 περὶ
666 2937 773 2992 σπείους
783 2940 931 3009 γλαφυροῖο

297 3023 386 3094 ἡμερὶς
397 3023 520 3100 ἡβῷωσα,
532 3022 635 3091 τεθήλει
648 3024 676 3076 δὲ
690 3025 866 3096 σταφυλῇσιν·

298 3112 386 3179 κρῆνοι
399 3108 421 3162 δ
435 3109 517 3176 ε’ξείης
528 3107 638 3179 πισόρες
649 3108 709 3179 ῥέον
721 3107 794 3162 ὕδατι
806 3111 888 3179 λευκῷ

297 3196 406 3262 πλησίαι
418 3194 541 3262 άλλήλων
553 3193 733 3264 τετεραμμέναι
746 3193 853 3247 ἄλλυδις
864 3194 941 3261 άλλη.

296 3282 365 3350 ἀμφὶ
378 3282 405 3334 δὲ
417 3285 539 3350 λειμῶνες
550 3282 661 3350 μαλακοὶ
674 3281 714 3333 ίόυ
726 3280 770 3348 ήδε
784 3279 889 3333 σελίνου

299 3367 399 3435 θήλεον·
418 3365 480 3421 ἐ’νθα
493 3367 513 3441 κ’
526 3366 616 3442 ἔπειτα
628 3369 669 3440 καὶ
681 3365 805 3420 ἀθάνατός
816 3388 865 3435 περ
879 3365 995 3419 ε’πέλθων
1058 3368 1062 3375 ’

299 3453 424 3522 θηήσαιτο
435 3452 506 3516 ἵδων,
519 3455 560 3507 καὶ
572 3452 695 3523 τερφθείη
708 3452 805 3522 φρεσὶν
817 3448 887 3519 ᾗσιν.
902 3461 905 3466 ’

163 3642 182 3668 ,κ
225 3601 399 3690 Conjiciat
433 3598 560 3690 aliquis
594 3622 663 3667 non
699 3599 859 3678 absurde,
894 3596 1101 3686 scriptorem
1136 3620 1199 3687 pra

157 3716 268 3785 oculis
284 3715 448 3784 habuisse
467 3715 584 3784 locum
603 3714 756 3803 aliquem
774 3711 904 3780 eximie
922 3734 943 3779 a
960 3734 998 3779 se
1023 3711 1198 3791 dilectum,

158 3854 260 3921 quem
298 3830 503 3898 mollissimo
537 3829 599 3897 illo
636 3829 789 3896 carmine
822 3827 950 3894 futuris
986 3828 1200 3916 temporibus

158 3945 397 4013 commendari
438 3943 562 4012 voluit.
624 3943 779 4010 Praebuit
822 3943 965 4032 quidem
1009 3949 1107 4010 certe
1145 3965 1201 4011 ex-

159 4058 294 4149 emplar
334 4066 371 4127 et
410 4059 587 4147 specimen
627 4057 799 4138 omnibna
841 4064 1015 4148 quotquot
1059 4077 1200 4147 usquam

583 4301 593 4331 ‘¹
613 4301 665 4354 Od.
680 4320 706 4352 x.
720 4316 780 4352 210.
