2738 4866
159 347 248 390 caat.
261 351 313 393 xv.
351 321 1103 410 Procoaaomolotqaaa'tmcmdiciaitmdmomri.
1138 315 1200 380 261

158 501 361 588 quantoque
385 495 544 588 periculo
565 504 725 565 versetur
750 494 877 583 aliquis
902 495 940 561 in
964 491 1110 583 profano
1135 489 1204 556 isto

160 619 253 680 coetu
260 622 285 680 ².

297 726 368 780 τοῖος
378 723 429 795 γδρ
441 725 500 779 νόος
511 722 584 776 ε’στιν
596 721 748 791 ἐπιχθονίων
760 720 909 791 ἀνθρὼπων,

297 807 352 863 οίον
364 808 402 863 ἐπ’
415 806 482 878 ἦμαρ
495 808 575 879 ἀγρσι
587 808 671 877 πατὴρ
682 807 781 876 ἀνδρῶν
793 828 820 859 τε
834 806 899 860 θεῶν
910 827 947 859 τε.

245 936 246 939 ¹
297 896 401 966 καὶγὰρ
414 894 464 965 ίγά
476 893 533 948 ποτ’
545 892 658 962 ἔμελλον
669 893 697 948 ἐν
708 892 832 963 ἀνδράσιν
844 891 935 956 ὄλβιος
946 887 1018 953 εἶναι,

296 983 386 1036 πολλά
398 981 421 1035 8
433 979 560 1036 ἀτάσθαλ’
573 980 658 1050 ἔρεξα,
669 979 715 1048 βίῃ
728 980 770 1033 καί
782 979 871 1048 κάρτεΐ
881 977 963 1040 εἴκων,

294 1069 375 1139 πατρί
385 1067 407 1122 τ’
420 1068 473 1140 ε’μῷ
483 1065 592 1122 πίσυνος
604 1066 646 1120 καί
658 1066 744 1134 ε’μοῖσι
756 1064 959 1134 κασιγνὴτοισιν.

296 1157 333 1226 τῷ
344 1152 419 1222 μήτις
429 1174 493 1206 ποτε
504 1153 611 1221 πάμπαν
621 1151 684 1222 ἀνὴρ
695 1150 844 1219 ἀθεμίστως
856 1148 904 1218 εἴη,

297 1238 356 1292 ἀλλ’
369 1238 415 1309 ὅγε
427 1242 490 1309 σιγῇ
504 1238 573 1307 δῶρα
586 1238 650 1292 θεῶν
660 1234 729 1307 ἔχοι,
742 1235 765 1299 ά,
779 1258 819 1290 ττι
831 1236 933 1289 διδοῖεν.

299 1322 333 1377 οἷ’
346 1327 412 1395 ‹iptio›
424 1327 574 1394 μνηστῆρας
584 1323 722 1377 ἀτάσθαλα
732 1325 922 1393 μηχανόωντας,

297 1408 412 1477 κτήματα
424 1409 562 1478 κείροντας,
573 1409 615 1462 καί
626 1408 793 1477 ἀτιμάζοντας
803 1407 900 1461 ἀκοιτιν

298 1495 399 1564 ἀνδρὸς,
412 1494 441 1549 δν
453 1493 536 1548 οὒκίτι
548 1495 616 1564 φημί
628 1494 716 1563 φίλων
727 1495 768 1546 καί
779 1494 902 1563 πατρίδος
913 1492 969 1562 α’ίης

298 1581 376 1650 δηρὸν
387 1579 562 1637 ἀπέσσεσθαι·
579 1581 650 1648 μάλα
663 1580 691 1632 δὲ
703 1580 809 1648 σχεδόν·
828 1580 899 1632 άλλά
911 1602 943 1633 σε
954 1580 1050 1647 δαίμων

297 1665 377 1721 οίκαδ
390 1668 557 1738 ὑπεξαγάγοι,
569 1665 626 1735 μηδ’
639 1667 785 1721 ἀντιάσειας
795 1665 890 1738 ε’κείνφ.

298 1752 395 1808 ὅπποτε
408 1752 545 1821 νοστήσειε
556 1754 638 1823 φίλην
650 1752 676 1808 ἐς
687 1752 797 1822 πατρίδα
809 1757 892 1823 γαῖαν.

207 1849 424 1920 Gravissima
449 1872 532 1920 sane
559 1849 717 1918 omnium
744 1849 866 1930 oratio,
891 1871 1038 1940 quaeque
1063 1857 1203 1918 tantum

158 1987 228 2033 non
270 1973 353 2034 ante
395 1964 515 2034 oculos
557 1973 665 2056 ponat
708 1964 982 2033 misericordiam
1024 1962 1202 2044 Numinia

158 2079 277 2148 omnia
314 2080 411 2170 prius
453 2080 633 2160 tentantis,
677 2102 782 2168 quam
823 2101 959 2147 coecum
993 2077 1075 2146 ferri
1114 2077 1206 2145 sinat

156 2194 311 2263 amentia
336 2195 485 2286 propria.
537 2192 608 2263 Sed
642 2194 742 2262 irrita
775 2194 870 2263 cadit
904 2194 979 2283 ejus
1014 2191 1204 2261 clementia

157 2317 231 2378 tam
260 2310 298 2376 in
329 2308 572 2400 Amphinomo
607 2331 712 2399 quam
747 2308 785 2374 in
819 2308 977 2376 caeteris:
1020 2315 1206 2396 propterea

157 2426 251 2514 quod
282 2423 556 2516 Amphinomus,
587 2420 654 2493 e'tai
685 2430 761 2492 erat
795 2422 913 2491 animo
947 2421 984 2489 in
1018 2419 1205 2513 religiones

158 2540 330 2630 proniore,
356 2538 471 2608 noluit
497 2562 534 2609 se
558 2548 679 2608 tamen
704 2539 749 2608 ab
774 2537 897 2606 infami
923 2544 1064 2605 caterva
1089 2557 1205 2627 segre-

157 2677 251 2746 gare.
308 2653 426 2722 Immo
451 2655 488 2722 in
514 2662 676 2723 extremo
701 2652 764 2722 illo
790 2652 983 2722 certamine
1009 2652 1205 2741 adjutorem

158 2791 196 2838 se
213 2767 407 2859 praestabat
424 2768 636 2837 facinorosis.
689 2767 748 2835 Ita
765 2766 858 2835 malo
875 2765 1010 2857 pudore
1027 2765 1142 2855 periit,
1160 2787 1207 2834 ne

157 2879 294 2952 scilicet
311 2881 470 2972 partibus
487 2882 558 2950 suis
575 2903 699 2972 pamm
716 2880 807 2948 fidus
825 2901 900 2949 esse
918 2878 1105 2948 diceretur.

156 3044 158 3049 ·
207 2994 373 3085 Denique
398 2995 541 3087 auguris
563 2993 814 3084 Theoclymeni
835 2992 992 3061 terribile
1012 2990 1101 3061 illud
1124 2990 1208 3062 effa-

161 3117 239 3177 tum
257 3108 342 3199 quid
359 3108 467 3192 aliud,
486 3107 640 3187 obsecro,
659 3117 770 3189 sonat,
787 3108 854 3176 nisi
876 3116 916 3176 ut
939 3108 1036 3176 omni
1057 3107 1208 3177 crudeli-

159 3225 243 3293 tatis
273 3224 378 3315 culpa
403 3222 532 3292 liberet
559 3223 692 3292 ultores
722 3245 784 3291 seu
811 3221 908 3291 Deos
933 3223 1007 3291 sive
1034 3221 1207 3307 homines,

158 3346 278 3430 spreto
317 3337 426 3408 semel
463 3338 635 3428 ejusmodi
674 3337 837 3406 monito?
888 3335 945 3406 Ac
979 3360 1091 3427 pauca
1124 3338 1206 3407 inde

158 3454 288 3521 iterum
319 3453 480 3521 recitanti
507 3453 553 3520 sit
583 3452 707 3520 venia:
747 3473 828 3519 nam
859 3458 914 3519 est
945 3452 1103 3542 profecto
1129 3452 1205 3542 dig-

158 3566 342 3634 nissimum
373 3587 526 3646 cannen,
561 3587 631 3655 quo
661 3562 893 3633 concludatur
924 3564 1038 3634 omnis
1073 3563 1130 3632 hic
1161 3563 1205 3632 de

160 3676 311 3746 Homeri
328 3678 464 3769 pietate
483 3679 625 3749 locus⁸:

303 3852 468 3868 ..........
479 3815 634 3882 Μνηστῆρσι
646 3812 674 3864 δὲ
686 3813 796 3867 Παλλὰς
805 3811 901 3881 Ἀθήνη

299 3896 434 3961 ἀσβεστον
445 3897 518 3968 γε’λω
531 3897 610 3968 ὦρσε,
622 3896 806 3968 παρέπλαγξεν
817 3898 846 3950 δὲ
858 3900 948 3966 νόημα.

299 3984 324 4034 οί
335 3981 358 4035 8
370 3983 418 4051 ἤδη
429 3983 569 4054 γναθμοῖσι
581 3983 690 4053 γελοίων
701 3980 888 4052 ἀλλοτρίοισιν·

299 4067 478 4137 αίμοφάρνκτα
490 4067 518 4120 δί
531 4067 562 4134 δὴ
575 4067 636 4137 κρέα
647 4067 748 4136 ἤσθιον·
768 4067 835 4122 ὄσσε
847 4067 870 4121 8
883 4067 932 4138 ἀρα
945 4070 1021 4138 σφιν·

299 4151 442 4222 δακράοφιν
452 4152 609 4220 πίμπλαντο·
627 4155 691 4223 γόον
702 4152 724 4206 8
737 4151 810 4208 ὠίετο
823 4154 912 4222 θυμός.

314 4295 324 4317 ¹
343 4285 397 4341 Od.
411 4287 483 4340 xviii.
500 4287 558 4355 136.
913 4298 927 4327 ⁸
945 4307 989 4343 xx.
1002 4305 1063 4358 345.
