2738 4866
216 306 260 368 30
389 304 558 390 Baptaelis
571 305 620 369 ccl
632 304 736 390 cupas
750 306 795 368 ad
808 306 918 369 Poecic
924 307 1087 389 perticere.
1111 330 1206 372 rasi.
1218 332 1261 372 111.

216 479 315 560 carit,
340 479 472 547 circum
496 479 631 548 radices
654 478 904 569 discipulorum
931 478 1088 559 chorum,
1116 480 1264 553 absente

216 591 385 686 magistro
415 615 497 663 curu
523 592 694 662 Daemone
720 593 850 662 frustra
875 592 1108 663 luctantium:
1135 596 1264 664 deinde

216 707 402 778 intervallo
419 716 494 778 tam
514 707 655 777 modico
673 707 893 799 disjunxerit,
911 717 953 777 ut
969 708 1007 776 hi
1027 709 1143 800 capite
1164 732 1264 780 mon-

216 832 292 894 tem
320 826 436 916 ipsum
468 831 609 893 tantum
644 847 716 892 uon
751 847 888 914 aequare
921 824 1119 894 videantur.
1182 825 1264 896 Hoc

216 938 305 1008 illud
323 948 386 1020 est,
404 937 632 1021 Academici,
645 938 738 1030 quod
756 939 976 1031 ignoratione
999 941 1084 1010 artis
1100 963 1263 1031 peccasse

215 1055 390 1129 novitium
418 1054 605 1144 quendam,
632 1054 765 1123 nedum
791 1054 1019 1145 Raphaelem,
1043 1080 1150 1126 nemo
1176 1040 1263 1126 mihi

216 1167 321 1237 iacile
343 1169 566 1260 persuaserit.
618 1167 691 1237 Sed
714 1169 874 1252 fortasse,
891 1192 961 1260 quo
981 1171 1149 1240 viciniora
1171 1171 1264 1241 iuter

213 1305 255 1352 se
285 1289 403 1352 essent
432 1303 475 1351 ea
504 1305 582 1373 quae
611 1304 657 1351 ex
687 1291 836 1374 utraque
865 1293 966 1375 parte
995 1293 1194 1377 agerentur,
1221 1307 1263 1354 eo

216 1397 332 1466 verius
349 1404 456 1488 atque
473 1395 612 1488 plenius
630 1399 777 1467 tacitam
801 1420 924 1468 eorum
941 1400 1014 1468 vim
1037 1423 1078 1469 ao
1100 1407 1262 1469 naturam

213 1533 239 1580 a
255 1534 293 1581 se
310 1510 526 1601 descriptum
542 1511 585 1579 iri
602 1513 753 1603 putavit.
798 1512 916 1595 Quam
930 1511 1074 1603 quidem
1091 1512 1263 1602 ejusmodi

215 1648 293 1697 esse
322 1626 495 1707 arbitron
529 1634 571 1695 ut
604 1649 651 1696 ex
685 1626 751 1696 hac
780 1634 892 1718 parte,
920 1633 1092 1717 praesente
1119 1625 1262 1708 Messia,

216 1740 415 1836 tranquilla,
442 1742 559 1824 beata,
582 1741 746 1834 religiosa
773 1741 912 1825 omnia3
938 1765 985 1810 ex
1010 1740 1080 1823 illa,
1106 1743 1262 1825 absente,

214 1857 305 1927 nihil
327 1880 400 1926 non
425 1857 673 1949 perturbatum
698 1879 740 1926 ac
766 1857 944 1926 solicitum
970 1857 1196 1928 ostendatur:
1222 1865 1264 1926 ut

213 1971 299 2042 hinc
326 1972 495 2057 Paradisi,
523 1970 622 2040 illinc
651 1979 799 2041 terrenae
828 1971 932 2062 hujus
960 1971 1058 2053 lucis,
1084 1973 1264 2062 specimen

212 2089 343 2158 edatur
375 2087 472 2157 haud
506 2087 705 2157 obscurum.
766 2087 893 2178 Itaque
927 2086 1052 2157 lubens
1087 2086 1264 2156 commisit

217 2204 348 2287 Pictor,
366 2209 408 2272 ut
430 2203 515 2274 artis
539 2202 777 2295 negligentior
802 2223 878 2272 esse
901 2203 1089 2286 videretur,
1108 2203 1136 2271 si
1157 2201 1264 2269 modo

215 2319 461 2412 gravissimum
487 2316 631 2408 pietatis
659 2318 922 2399 documentum,
947 2317 1044 2388 omni
1071 2340 1145 2386 aevo
1171 2317 1265 2408 capi-

216 2437 359 2517 endum,
377 2434 539 2504 ediderit.
629 2479 631 2482 >

266 2550 410 2630 Contra,
438 2547 632 2641 Belgarum
667 2545 727 2615 ille
757 2545 931 2627 Antistes‚
962 2546 1047 2636 quid
1080 2553 1156 2615 arte
1190 2566 1265 2626 ma,-

215 2686 337 2755 nuque
361 2663 523 2756 polleret,
554 2661 610 2752 (ut
638 2671 713 2731 erat
738 2683 822 2731 sane
845 2660 1077 2752 peritissimus
1103 2662 1264 2730 omnium

216 2777 371 2863 artifex,)
395 2776 505 2845 nimia
529 2775 735 2867 cupiditate,
759 2774 868 2843 nimia
890 2774 1095 2858 ambitione,
1119 2775 1264 2843 severis-

213 2892 314 2963 simis
329 2915 468 2984 quoque
481 2891 518 2960 in
535 2891 640 2960 rebus
656 2913 726 2981 prae
744 2912 781 2960 se
799 2889 922 2959 tulisse
938 2889 1060 2959 fertur.
1096 2888 1263 2980 Exempli

216 3007 296 3077 loco
330 3007 386 3088 sit,
417 3029 488 3097 quo
516 3014 621 3098 gestu
656 3003 838 3074 Christum
873 3003 1068 3074 Dominum
1102 3011 1263 3094 nostrum

216 3120 344 3213 posuit,
364 3119 498 3190 Lazaro
523 3141 545 3189 e
567 3119 715 3191 mortuis
738 3126 884 3188 evocato
910 3117 1112 3187 adstantem
1122 3128 1150 3186 ἔ.
1202 3116 1264 3186 Ef-

217 3234 322 3304 finxit
359 3234 484 3326 utique
522 3234 631 3325 passis
670 3232 807 3324 palmis,
849 3231 975 3300 leviter
1011 3232 1049 3300 in
1087 3231 1263 3302 anteriora

217 3350 361 3432 flexum,
380 3348 481 3419 vultu
500 3350 615 3432 alacri,
633 3349 865 3419 admiratione
881 3347 997 3428 mista,
1015 3354 1184 3436 tanquam
1202 3368 1264 3438 spe

215 3467 352 3557 majora
367 3466 576 3535 intueretur.
627 3464 726 3535 Eum
746 3465 913 3533 nimirum
930 3462 1085 3553 corporis
1101 3461 1264 3532 habitum

218 3581 387 3671 poscebat
407 3581 570 3651 universa
592 3579 738 3671 picturae
761 3579 871 3648 ratio:
899 3599 1011 3668 eoque
1034 3583 1185 3660 servato,
1204 3600 1265 3668 op-

217 3695 307 3765 time
332 3694 426 3763 inter
459 3717 496 3764 se
531 3693 788 3764 conveniebant
816 3714 947 3772 omnes,
978 3690 1105 3783 quibus
1136 3713 1179 3760 ea
1206 3690 1265 3760 de-

218 3809 417 3889 finiebatur,
435 3809 547 3879 lineae.
586 3809 688 3878 Idem
706 3808 843 3891 divinae,
861 3831 939 3898 quae
960 3807 1082 3875 adesse
1099 3805 1264 3889 debebat,

220 3923 413 4012 Majestati‚
431 3924 468 3992 ni
486 3922 597 4004 fallor,
616 3945 687 3991 non
704 3921 851 4013 paulum
867 3922 1000 3990 nocuit.

270 4039 397 4129 Itaque
414 4061 469 4108 res
482 4039 532 4108 sic
546 4060 583 4108 se
595 4038 727 4108 habere
740 4038 890 4119 videtur,
900 4034 1119 4127 Academici.
1156 4032 1264 4104 Hunc

218 4155 256 4223 in
273 4154 400 4222 vitium
419 4153 522 4222 duxit
540 4177 664 4223 manus
682 4155 719 4223 in
736 4164 812 4224 arte
829 4150 1140 4222 exercitatissima:
1163 4149 1264 4219 illum

378 4323 396 4361 8
412 4313 540 4370 Servatur
548 4331 583 4369 ea
593 4315 684 4370 tabula
696 4317 724 4370 in
736 4315 845 4372 Musaeo
859 4316 939 4387 Regis
953 4313 1098 4368 Borussici.
