2738 4866
154 356 250 400 rann.
263 358 307 399 rx.
414 354 470 397 ura
484 316 616 398 οιίοοιοοι
620 334 837 418 praeliantium
852 353 947 396 eorus
1141 318 1205 398 las

218 495 354 564 Videre
390 480 476 562 mihi
512 483 633 563 uideor
666 516 836 585 magnum
870 493 973 562 illum
1008 492 1204 563 Galliarum

157 608 306 699 Regem,
342 607 553 690 Henrioum,
586 609 647 698 qni
681 617 719 676 et
752 609 827 697 ipse
861 606 1074 700 κορυθαίολος
1108 617 1205 677 erat:

157 723 219 811 qui
243 720 357 811 proelii
382 722 566 813 cujusdam
588 722 690 791 initio
710 722 768 790 his
784 723 859 790 fere
876 722 992 790 verbis
1009 722 1207 791 exercitum

156 845 213 904 est
234 833 451 906 allocutusl‘:
468 843 501 876 '“
515 836 862 926 Cavete-quidquam
889 835 1097 914 intueamini
1120 857 1208 926 pug-

157 958 295 1030 nantes,
313 959 444 1041 praeter
460 949 647 1020 candidam
664 949 756 1019 bane
773 951 927 1019 cristam.
980 946 1106 1030 Quoad
1129 948 1208 1015 haeo

158 1065 413 1155 progredietur,
440 1087 502 1134 vos
526 1065 830 1172 progrediamini3
859 1085 927 1133 noc
952 1085 1119 1152 unquam,
1141 1063 1208 1130 nisi

157 1201 241 1246 oum
259 1201 303 1246 ea
319 1169 472 1258 recedet,
486 1201 548 1248 vos
562 1179 607 1247 de
624 1178 704 1247 loeo
717 1178 916 1247 cedendum
929 1177 1043 1269 putet’
1034 1175 1083 1245 rs’
1085 1175 1210 1244 ’Cre-

159 1291 272 1361 dibile
301 1302 366 1372 est,
396 1292 575 1375 Hectoris,
604 1294 696 1363 siout
731 1291 889 1372 Henrioi‚
918 1293 1144 1399 eonspieuam
1172 1290 1209 1357 in

156 1406 235 1474 acie
253 1394 360 1475 fuisse
376 1405 537 1488 formam,
558 1427 630 1474 non
651 1413 724 1474 tam
750 1410 936 1484 armatura,
955 1424 1061 1492 quam
1087 1402 1209 1513 rapido

158 1508 271 1587 motu
324 1519 429 1602 Quod
455 1527 577 1588 autem
603 1517 715 1588 οίίλιον
740 1517 897 1609 appellat
922 1518 1029 1600 sidus,
1050 1508 1210 1587 sentiunt

158 1653 283 1701 omnes
322 1654 429 1724 quam
471 1631 677 1741 praeolaram
719 1655 762 1701 ea
803 1654 874 1700 vox
916 1631 1209 1723 significationem

158 1734 302 1815 habeat.
353 1734 436 1815 Jam
462 1747 558 1815 enim
584 1768 655 1814 non
679 1735 787 1815 meris
811 1744 933 1826 oeulis,
956 1745 1017 1814 sed
1040 1753 1210 1834 tanquam

157 1883 317 1954 praesaga
332 1871 454 1931 mente
470 1863 541 1932 buo
557 1861 642 1932 illue
660 1862 871 1931 volitantem
890 1864 1079 1932 cernimus.

212 1977 341 2047 Parem
371 1979 408 2046 in
439 1977 598 2047 dissimili
630 1978 780 2046 materia
809 1979 883 2047 vim
912 2001 983 2068 prae
1013 1999 1051 2048 se
1080 1979 1211 2061 ferunt,

158 2115 238 2181 qnae
256 2080 416 2160 Heotora
432 2091 636 2160 describunt
659 2091 809 2160 navibus
828 2077 905 2182 jam
925 2093 1072 2183 jamque
1094 2093 1211 2162 immi-

159 2211 330 2272 nentem:
365 2204 535 2273 aeerrima
567 2203 637 2285 illa,
669 2213 707 2273 et
736 2213 891 2287 actuosa,
922 2214 960 2275 et
989 2227 1139 2297 prorsus,
1169 2212 1211 2273 ut

161 2318 270 2386 verbo
288 2317 414 2397 dicam,
433 2311 542 2387 veral.

332 2442 434 2540 Ἕκτωρ
447 2462 476 2515 δὲ
488 2442 604 2532 πρύμνης
616 2462 671 2517 νεὸς
684 2461 772 2543 ἥψατο
784 2465 964 2533 ποντόποροιο,

339 2549 426 2614 καλῆς,
439 2547 565 2610 ὠκυάλου,
578 2546 593 2614 ἣ
606 2546 796 2617 Πρωτεσίλαον
807 2548 901 2602 ἔνεικεν

339 2631 366 2687 εἰ·
376 2633 477 2702 Τροίην,
490 2632 543 2687 οὐδ’
548 2632 627 2688 ἀὖτις
637 2631 755 2703 ἀπήγαγε
766 2633 877 2704 πατρίδα
888 2637 972 2705 γαῖαν.

162 2751 321 2822 Videtur
353 2754 452 2842 quasi
487 2754 615 2822 ominis
648 2752 727 2821 loeo
762 2752 949 2824 Protesilai
982 2762 1113 2822 navem'
1141 2776 1212 2845 prae

160 2864 303 2933 oaeteris
328 2865 521 2935 nominare.

338 3010 432 3076 τοῦπερ
445 2990 476 3075 δὴ
488 3008 547 3077 περὶ
559 3009 619 3076 mbr
628 3007 732 3078 Ἀχαιοί
743 3031 771 3063 τε
783 3009 868 3078 Τρῶές
879 3031 908 3062 τε

339 3091 417 3161 δῄουν
428 3091 560 3161 ἀλλήλους
571 3094 741 3162 αὐτοσχεδόν·
760 3094 814 3148 οὔδ’
826 3095 877 3164 ripa
888 3096 959 3165 τοίγε

339 3177 422 3244 τόξων
433 3177 505 3234 άῖκὰς
516 3179 599 3248 ἀμφίς
610 3179 696 3248 μένον,
708 3179 769 3232 οὐδέ
779 3178 801 3233 τ’
814 3180 935 3243 ἀκόντων,

340 3261 401 3316 ἀλλ’
413 3261 463 3332 οἵγ’
476 3262 584 3333 ε’γγῦθεν
596 3264 736 3332 ἱστάμενοι,
750 3263 793 3317 ἕνα
805 3264 885 3332 θυμὸν
897 3265 1010 3335 ἔχοντες,

339 3346 415 3414 άξίσι
426 3347 457 3415 δὴ
469 3347 611 3402 πελέκεσσι
624 3349 665 3400 καὶ
676 3348 780 3416 ἀξίνῃσι
791 3349 914 3418 μάχοντο,

340 3431 382 3485 καὶ
393 3431 500 3502 ξίφεσιν
511 3433 651 3503 μεγάλοισι
663 3434 704 3486 καὶ
716 3434 824 3504 ἔγχεσιν
835 3433 1014 3504 ἀμφιγύοισιν.

339 3518 428 3571 πολλὰ
440 3517 468 3570 δὲ
480 3518 605 3588 φάσγανα
617 3519 691 3581 καλά,
703 3518 853 3586 μελάνδετα,
867 3517 1006 3588 κωπήεντα,

340 3601 411 3655 ἄλλα
421 3602 469 3670 μὲν
480 3603 509 3656 εἰι
519 3608 614 3673 χειρῶν
624 3602 734 3673 χαμάδις
745 3602 836 3667 πέσον,
849 3604 920 3657 ἄλλα
932 3603 955 3657 δ’
968 3603 1011 3658 ἀπ’
1023 3605 1098 3674 ὤμων

341 3685 440 3756 ἀνδρῶν
450 3686 623 3756 μαρναμένων·
643 3685 687 3757 ῥέε
699 3686 721 3740 δ’
734 3685 821 3756 αἵματι
832 3691 894 3758 γαῖα
905 3688 1026 3758 μέλαινα.

166 3806 309 3877 Satisne
325 3807 481 3878 declarat
502 3831 541 3878 se
558 3831 641 3879 oum
661 3807 878 3880 bellantibus
900 3811 1042 3892 sentire,
1061 3812 1120 3901 qni
1139 3819 1214 3882 tam

165 3920 303 3990 euriose
326 3921 462 4019 gladios
485 3922 586 3991 humi
605 3923 767 4013 jacentes
799 3933 993 4007 enumeret,
1020 3925 1150 4016 partim
1176 3927 1214 3994 in

166 4034 294 4126 vagina
309 4036 519 4117 reconditos,
537 4037 666 4126 partim
684 4035 857 4106 eductos?

167 4273 182 4310 l‘
195 4273 288 4337 lvreoe,
300 4274 376 4328 AD.
393 4289 476 4345 1590:
489 4275 544 4330 vid.
557 4277 636 4330 Mem.
650 4277 680 4329 de
693 4278 777 4346 sully,
790 4277 837 4331 lib.
851 4294 876 4346 3.
1026 4278 1035 4316 ¹
1048 4279 1080 4333 Il.
1093 4299 1137 4335 xv.
1153 4294 1212 4352 704.
