2738 4866
215 348 259 410 22
534 342 953 406 D'ornerrroriutumtun-untr
1123 357 1263 400 runnu.

266 509 516 602 Imprudentes
529 533 628 601 paene
637 511 713 601 jem
727 509 914 578 incidimus
927 507 964 575 in
977 504 1125 574 alteram
1137 527 1266 596 propo-

215 626 291 694 sitae
307 624 509 716 quaestionis
523 635 685 716 partem,
708 645 786 692 eam
804 619 951 702 scilicet,
967 643 1044 711 quae
1056 619 1266 688 memoriam

214 746 436 806 mortuorum
463 738 557 828 apud
584 735 734 806 rusticos
761 743 933 804 servatam
958 741 1105 825 spectat.
1153 731 1268 823 Cujus

214 853 360 942 quidem
374 852 485 921 totius
495 852 633 944 generis
645 852 768 921 eadem
780 851 854 918 fere
865 858 919 919 est
931 852 982 920 vis
992 873 1034 919 ac
1044 849 1143 930 ratio,
1154 855 1263 937 atque

215 987 337 1033 eorum
364 987 441 1055 quae
468 965 575 1034 modo
601 964 766 1034 diximus.
816 962 916 1032 'Nem
944 963 1004 1053 qui
1029 964 1081 1031 ita
1103 969 1268 1030 mortuos

214 1083 346 1156 amant,
364 1085 406 1145 ut
422 1079 583 1168 proxime
600 1076 644 1145 ab
662 1075 732 1145 illis
753 1097 791 1144 se
811 1075 948 1166 sepeliri
968 1072 1088 1154 velint,
1106 1074 1148 1142 iis
1165 1081 1263 1141 certe
1364 1064 1367 1084 '

213 1213 309 1259 ourae
330 1193 398 1260 erit
416 1201 453 1259 et
474 1191 570 1260 cordi
594 1191 782 1281 “quisquis
800 1190 918 1259 honos·
934 1189 1075 1272 tumuli,
1094 1186 1261 1278 quicquid

213 1303 371 1373 solamen
389 1304 559 1374 humandi
569 1307 654 1374 est.’'
700 1302 828 1396 Itaque
850 1305 887 1372 in
906 1303 1065 1392 exequiis
1085 1300 1265 1371 solvendis

213 1415 368 1505 primum
385 1416 473 1486 illud
491 1419 710 1488 sanctissime
723 1425 877 1498 cavetur,
893 1417 1024 1507 nequid
1042 1424 1187 1496 temere,
1201 1437 1262 1482 ne-

213 1530 297 1620 quid
316 1532 558 1624 negligentem
584 1556 630 1602 ne
647 1557 717 1625 qua
734 1533 825 1602 forte
842 1530 1016 1623 particule
1033 1553 1164 1612 eorum,
1182 1553 1261 1620 quae

214 1665 312 1713 seem
327 1668 511 1737 moresque
527 1646 720 1738 postulant,
733 1646 931 1716 omittetur.
969 1644 1119 1725 Deinde,
1133 1645 1162 1713 si
1176 1644 1260 1734 quid

212 1757 306 1849 ipsos
321 1759 471 1830 voluisse
484 1760 737 1842 intellexerint,
750 1761 788 1830 id
800 1762 1061 1830 accuratissima
1078 1759 1262 1851 diligentia

212 1885 465 1964 exsequuntur.
518 1876 702 1946 Postremo
726 1876 859 1966 aliquid
880 1876 989 1944 etiam
1007 1877 1051 1944 de
1075 1897 1147 1955 suo,
1165 1874 1261 1964 quod

212 1990 342 2057 summi
372 1991 419 2058 sit
449 1987 613 2059 desiderii
642 1990 821 2072 indicium,
848 2013 920 2058 non
950 2013 1027 2058 raro
1058 1989 1261 2079 excogitare

214 2124 344 2171 cernas.
395 2101 474 2172 Aut
491 2106 586 2173 enim
603 2104 750 2174 mutatis
766 2104 884 2195 alique
907 2127 952 2172 ex
976 2111 1074 2194 parte
1091 2102 1259 2184 vestibus,

211 2218 376 2308 perpetui
402 2217 519 2287 luctus
549 2219 737 2309 specimen,
765 2220 909 2301 vivunt3
940 2227 1002 2287 aut
1031 2217 1151 2287 dulces
1174 2239 1261 2285 exu-

213 2332 296 2414 vias,
323 2329 435 2402 veluti
464 2333 668 2403 thesaurum
699 2333 887 2424 quendam,
919 2333 1069 2402 condere
1098 2330 1260 2400 laborant

213 2469 253 2515 ac
280 2469 513 2538 componere3
538 2455 600 2516 aut
627 2449 732 2517 certis
759 2447 977 2538 temporibus
1002 2445 1182 2514 tumulum
1208 2445 1260 2513 in-

212 2559 343 2629 visunt.
396 2559 483 2630 Dies
508 2583 566 2629 me
588 2561 755 2630 deficeret
778 2561 882 2629 eitius
899 2581 1003 2649 quam
1030 2557 1149 2627 omnia
1172 2579 1260 2626 moe·

212 2674 367 2741 rentium
402 2681 604 2742 commenta
637 2673 858 2743 dinumerare
890 2695 1041 2764 possem.
1103 2669 1260 2739 Omnino

212 2795 332 2857 eutem
350 2785 517 2858 credibile
535 2796 600 2870 est,
617 2784 720 2879 plura
740 2787 912 2879 ejusmodi
930 2787 1041 2855 latere
1059 2807 1166 2875 quam
1184 2785 1260 2853 vul-

212 2903 308 2994 gari:
333 2926 416 2971 oum
434 2904 506 2972 veri
526 2911 562 2972 et
580 2904 651 2971 vivi
668 2903 785 2971 luctus
805 2904 851 2972 sit
868 2902 1058 2992 proprium,
1075 2908 1259 2990 aspectum

210 3012 395 3084 hominum
413 3014 599 3107 lucemque
620 3017 791 3109 refugere,
810 3038 941 3106 suaque
965 3015 1031 3083 sibi
1048 3013 1179 3082 hebere
1198 3013 1260 3081 ob-

211 3127 436 3214 lectamenta,
453 3131 607 3222 profanis
625 3131 734 3200 oculis
751 3153 878 3200 arcana
894 3138 1001 3219 etque
1018 3127 1139 3196 vetite.

279 3356 351 3426 Sed
390 3360 434 3428 de
473 3359 528 3428 his
568 3361 678 3429 satis:
728 3359 894 3450 quoniam
934 3358 1076 3449 quidem
1119 3357 1259 3426 notiora

209 3479 294 3540 sunt
318 3473 491 3555 omnibus,
510 3497 615 3564 quam
637 3497 713 3565 quae
736 3475 873 3566 prolixo
901 3496 1061 3543 sermone
1084 3472 1177 3562 apud
1197 3495 1259 3542 vos

205 3585 382 3676 disputari
412 3588 575 3656 debeant.
637 3588 720 3657 Jam
750 3589 896 3656 tertium
925 3586 1010 3656 licet
1040 3588 1259 3679 attingamus

207 3708 339 3790 vceput:
373 3704 467 3791 quod
497 3702 542 3770 ad
570 3702 731 3772 coelestes
762 3703 959 3794 religiones,
990 3724 1157 3791 sacraque
1188 3725 1259 3772 ser-

210 3815 325 3883 vanda
349 3815 527 3906 pertinere
553 3816 718 3886 diximus.
771 3817 876 3900 Quod
902 3816 1072 3886 latissime
1098 3816 1257 3885 omnium

202 3936 322 4018 patet.
375 3928 530 4010 Etenim,
550 3952 631 3999 cum
649 3929 746 3999 nulla
762 3953 841 4021 pars
859 3931 940 3999 vitae
957 3953 1168 4020 morumque
1191 3942 1258 4011 est,

211 4064 281 4132 quo
308 4065 380 4110 non
404 4044 583 4136 pertingat
609 4045 743 4114 sincera
773 4044 942 4115 Numinis
964 4045 1126 4138 placandi
1153 4068 1257 4128 oure3

210 4164 289 4225 tum
306 4157 418 4226 sancti
435 4181 476 4226 ac
493 4160 604 4227 severi
623 4182 692 4250 prae
715 4161 849 4229 caeteris
872 4160 931 4230 isti
955 4168 1037 4229 sunt
1058 4161 1257 4230 animorum

210 4280 339 4353 motus,
372 4273 503 4362 quique
539 4274 723 4364 aegerrime
761 4297 798 4343 te
835 4275 950 4345 verbis
990 4274 1116 4356 efferri,
1152 4275 1259 4344 docte

211 4387 369 4477 quamvis
386 4385 506 4478 lingua
522 4386 727 4479 interprete,
741 4389 940 4480 patiantur:
966 4390 1098 4458 nedum
1115 4390 1258 4460 rusticis
