2738 4866
163 331 255 374 rnna.
273 332 340 373 xrx.
384 311 496 374 Lenior
510 313 547 376 da
561 315 633 377 Jocc
646 317 790 379 ramata
804 317 838 378 a'n
852 320 1078 402 Ayomonmonc.
1145 323 1209 384 353

162 481 322 572 gradum,
334 497 375 550 ut
392 484 535 554 intimas
548 509 688 577 quoque
707 485 958 557 dormientium
976 489 1207 581 cogitationes

163 619 233 664 non
259 597 365 667 modo
391 601 486 668 cerni
513 608 655 691 putaret
681 601 801 682 oculis,
829 605 1082 673 verumetiam
1107 605 1205 694 quasi

162 734 268 782 manu
295 714 386 796 duci,
407 715 586 805 taciteque
612 716 753 786 formari
780 726 888 808 atque
913 718 999 811 fingi
1024 741 1087 810 per
1112 742 1207 789 sum-

161 850 258 895 mum
279 826 387 896 Illum
408 828 609 900 Artificem:
635 831 755 921 itaque
778 833 814 900 in
840 841 976 902 secreta
993 832 1205 903 lectulorum

161 953 360 1014 nostrorum
378 944 527 1015 derivari
545 947 805 1037 quodammodo
824 948 895 1015 vim
913 971 934 1018 e
951 948 1038 1019 solio
1056 947 1137 1020 Dei.

211 1057 364 1128 Habetis
393 1062 588 1152 gravissimi
614 1062 777 1131 carminis
804 1064 960 1144 exordia,
987 1087 1065 1154 quae
1094 1064 1205 1135 fusius

161 1173 281 1265 paullo
304 1197 481 1267 exponere
503 1177 749 1259 decreveram3
782 1178 944 1268 primum,
969 1182 1135 1270 quoniam
1161 1204 1204 1253 ea

160 1290 390 1360 vehementer
427 1293 652 1382 pertinebant
689 1292 734 1361 ad
768 1294 1014 1384 explicandam
1048 1295 1204 1389 AEschyli

159 1405 269 1474 nostri
293 1405 462 1474 derebus
488 1405 593 1475 sacris
616 1407 828 1496 opinionem.
884 1407 979 1490 Quid
997 1412 1117 1481 enirn?
1143 1413 1202 1502 qui

159 1518 302 1611 Jupiter
335 1522 372 1588 in
404 1520 617 1590 Prometheo
652 1530 768 1612 partes
806 1532 927 1613 egerat
960 1524 1202 1597 immanissimi

160 1637 319 1705 omnium
336 1637 486 1727 tyranni,
503 1636 597 1704 idem
614 1637 649 1704 in
669 1636 960 1727 Agamemnoniis
981 1637 1108 1709 fabulis
1133 1664 1202 1711 non

159 1755 266 1822 modo
300 1753 433 1823 bonum
470 1776 507 1821 se
541 1753 687 1844 praebet,
714 1753 775 1822 sed
805 1752 944 1823 dulcem
976 1756 1202 1837 etiamnum

159 1869 357 1938 errantibus
385 1869 511 1938 animis
538 1869 687 1938 comiter
713 1870 801 1938 adeo
830 1870 923 1938 viarn
952 1879 1125 1940 monstret
1151 1882 1204 1941 at-

158 2004 228 2073 que
258 1983 402 2074 aperiat.
464 1982 520 2051 Ac
551 1982 680 2064 videte,
709 2006 779 2074 qua
808 1983 992 2075 diligentia
1017 1995 1205 2055 veneretur

159 2106 197 2164 et
230 2095 352 2165 laudet
387 2096 545 2187 Scriptcr
578 2119 708 2165 nornen
742 2098 858 2186 ipsum
892 2095 1014 2177 Jovis3
1056 2106 1097 2165 ut
1131 2120 1202 2167 non

158 2213 308 2283 absurde
341 2213 506 2304 conjiciat
545 2212 680 2302 aliquis,
723 2234 849 2281 canere
890 2233 971 2279 eum
1007 2211 1202 2300 παλινῳδίαν

158 2326 346 2417 quandam,
363 2350 433 2396 non
452 2349 497 2395 ex
515 2326 675 2409 formula,
692 2327 753 2395 sed
771 2327 889 2408 tacite,
908 2334 1094 2418 propterea
1106 2328 1202 2417 quod

157 2443 250 2511 idern
270 2444 305 2511 in
326 2441 539 2511 Prometheo
560 2466 690 2510 nomen
711 2441 866 2533 asperius
887 2441 1006 2532 paullo
1024 2464 1064 2510 ac
1082 2441 1203 2511 durius

158 2566 392 2626 tractaverat:
429 2556 588 2625 crederes
618 2556 673 2624 vel
705 2558 908 2624 interventu
938 2554 1118 2639 Herculis,
1144 2557 1200 2626 vel

156 2672 226 2741 alio
243 2673 395 2763 quodam
413 2673 496 2754 ritu,
516 2694 571 2740 res
592 2673 628 2739 in
646 2671 867 2740 concordiam
886 2672 975 2739 etin
995 2672 1200 2760 aequitatem

157 2790 312 2858 rediisse.
818 2772 825 2785 ’

213 2904 278 2972 Est
313 2905 421 2972 etiam
456 2903 568 2972 altera
602 2926 706 2972 causa
740 2903 894 2982 (fatebor
923 2902 1032 2991 enirn)
1068 2923 1131 2969 eur
1165 2902 1201 2969 in

156 3018 222 3087 hac
252 3017 358 3087 Obori
389 3017 566 3087 cantilena
592 3027 732 3086 tanturn
763 3017 877 3108 operis
904 3016 1107 3106 ponendum
1138 3015 1201 3083 ho-

155 3134 213 3203 die
230 3133 474 3203 decrevissem.
528 3132 709 3202 Videlicet
727 3133 870 3224 indigna
893 3130 1004 3200 ferme
1030 3152 1085 3198 res
1109 3130 1200 3200 solet

157 3249 277 3328 videri,
310 3248 353 3336 (si
388 3260 508 3318 tamen
535 3271 613 3317 eam
648 3271 719 3316 non
745 3248 849 3316 nimis
874 3257 979 3316 acute
1009 3247 1200 3334 cernimus)

155 3363 249 3454 quod
276 3363 454 3433 nonnullis
479 3387 545 3433 usu
566 3365 674 3447 venit,
695 3372 736 3432 ut
761 3364 900 3453 quoties
921 3363 994 3431 sive
1016 3360 1202 3453 AEschylus

156 3478 230 3547 sive
250 3478 439 3560 Homerus,
457 3480 531 3548 sive
556 3479 634 3569 quis
659 3478 748 3548 alius
770 3488 895 3548 vatum
920 3478 1034 3569 majus
1059 3476 1201 3567 aliquod

155 3602 193 3661 et
228 3595 382 3663 sanctius
417 3617 524 3684 quarn
566 3616 629 3685 pro
668 3595 847 3662 communi
882 3600 989 3681 captu
1023 3590 1201 3672 cecinerit,

155 3709 275 3778 statim
315 3709 548 3800 detorqueant
586 3730 792 3799 magnorum
831 3706 1021 3775 Poetarum
1061 3713 1202 3774 senten·

155 3825 233 3904 tias,
255 3833 293 3892 et
318 3824 355 3892 in
381 3826 536 3893 deterius
561 3832 700 3892 mutare
725 3822 915 3914 incipiant:
947 3821 1041 3911 quod
1067 3819 1202 3889 scilicet

155 3961 236 4006 curn
272 3939 415 4008 homine
446 3938 598 4008 Ethnico
629 3939 689 4007 vix
719 3946 757 4006 et
787 3959 833 4005 ne
863 3937 922 4005 vix
948 3935 1092 4026 quidem
1120 3957 1202 4003 con-

155 4076 280 4145 gruere
299 4054 462 4145 judicent
490 4077 567 4124 earn
593 4054 643 4122 rei
668 4076 773 4123 sacrae
798 4051 974 4121 notitiam.
1026 4049 1080 4119 At
1105 4049 1199 4118 enim

155 4171 381 4238 meminerint
416 4170 533 4251 velim,
573 4171 698 4261 primo,
737 4167 909 4261 placuisse
949 4187 1200 4255 nonnunquam

155 4293 289 4353 aeterno
317 4285 479 4367 Numini,
508 4286 722 4356 documenta
748 4307 829 4353 curn
856 4282 1012 4352 maxima
1037 4291 1115 4351 tum
1142 4301 1202 4348 ve·

656 4422 718 4470 aa
