2738 4866
154 352 252 393 pann.
265 352 310 391 111.
543 330 621 412 quid
634 330 668 391 io
682 328 869 391 Oratoribos.
1159 331 1203 396 37

157 501 195 560 et
218 489 413 558 intervalla.
465 489 547 558 Hoc
570 489 656 558 illud
683 500 747 571 est,
774 492 906 582 opinor,
928 491 1022 580 quod
1045 489 1201 561 Poeticae

156 604 482 696 conjunctissimum
511 604 643 673 habent
669 605 693 672 ii
715 606 775 696 qui
799 628 885 674 voce
910 629 952 674 ac
971 604 1099 673 fidibus
1122 627 1202 674 oan-

156 729 260 789 tant:
297 742 447 809 quorum
484 719 691 810 plerumque
727 721 779 788 ita
814 721 1070 810 permiscentur
1097 720 1204 787 verba

156 859 238 904 cum
268 835 410 902 musicis
437 834 560 914 modis,
584 844 624 901 ut
652 834 688 902 in
714 857 852 903 summa
877 837 987 903 totius
1013 835 1204 923 voluptatis

156 972 239 1038 quae
263 949 333 1016 sint
353 947 542 1015 Poetarum
569 957 697 1038 partes
720 972 797 1037 quae
820 948 1044 1028 Meliomnm,
1062 946 1203 1015 difficile

155 1063 348 1130 admodum
368 1062 413 1129 sit
432 1063 540 1130 dictu.

209 1172 303 1255 Quid
322 1174 460 1242 multa?
512 1174 719 1243 Communis
739 1185 794 1244 est
816 1176 1000 1244 hominum
1018 1174 1204 1252 sententia,

158 1287 337 1356 Musioam
362 1290 520 1356 omnium
544 1288 649 1378 plane
675 1290 804 1357 artium
827 1291 987 1379 proxime
1013 1289 1055 1357 ad
1077 1286 1205 1354 Poesin

156 1401 345 1470 accedere:
373 1412 410 1469 et
430 1424 510 1469 vero
531 1404 576 1470 ab
602 1425 643 1470 ea
667 1402 720 1470 sui
744 1411 843 1492 parte
866 1403 1043 1482 accedere,
1061 1424 1138 1489 quae
1161 1401 1205 1468 ad

157 1538 284 1584 arcana
301 1516 498 1584 animorum
516 1517 671 1583 eruenda
690 1524 797 1604 atque
820 1518 856 1583 in
880 1517 995 1584 lucem
1013 1517 1207 1606 promenda

156 1630 345 1721 pertineat.
400 1630 456 1698 Ex
482 1653 553 1720 quo
583 1630 745 1712 efficitur,
771 1629 924 1699 Poeticae
954 1631 1019 1721 ipsi
1046 1632 1118 1698 tale
1143 1630 1205 1699 ali-

158 1746 242 1834 quid
275 1744 428 1813 offioium
464 1745 584 1827 tribui,
615 1745 720 1834 quale
750 1768 813 1814 nos
848 1747 883 1813 in
918 1747 1013 1814 omni
1049 1747 1206 1843 oratione

158 1882 383 1951 auguramur.

210 2091 343 2160 Similis
373 2101 428 2161 cst
460 2091 733 2160 Rhetoricorum
764 2092 863 2173 ratio,
895 2103 933 2162 et
967 2093 1073 2162 soluti
1102 2094 1207 2183 hujus

158 2206 350 2275 sermonis:
387 2207 447 2296 qui
478 2205 586 2287 loono,
614 2207 699 2275 licet
726 2208 866 2299 egregie
899 2231 973 2299 prae
1001 2210 1136 2277 caeteris
1170 2209 1205 2276 in

159 2321 346 2391 formulam
381 2330 537 2390 nostram
569 2323 682 2402 cadat,
713 2330 834 2390 tamen
863 2345 885 2390 a
914 2344 972 2389 me
1003 2323 1207 2392 brevissime

159 2435 390 2517 tractabitur3
417 2438 582 2526 quoniam
608 2437 645 2504 in
671 2436 713 2504 iis
739 2436 812 2503 fere
835 2446 1003 2518 versatur,
1026 2461 1106 2526 quae
1133 2461 1208 2505 om-

158 2551 258 2618 nium
279 2551 412 2640 ubique
438 2552 581 2620 suntin
606 2551 778 2619 manibus.
831 2549 961 2640 Neque
987 2553 1081 2620 enim
1107 2574 1208 2621 meus

159 2665 216 2734 hio
247 2688 380 2745 seusus,
409 2665 471 2733 sed
501 2665 612 2733 totius
647 2665 757 2734 ferme
788 2653 1010 2734 literatorum
1044 2667 1207 2735 nationis

161 2778 274 2848 Multi
304 2782 481 2871 prodeunt
512 2780 607 2849 acuti
644 2781 851 2870 scriptores3
886 2780 989 2849 multi
1017 2802 1089 2847 non
1118 2781 1208 2848 indi-

160 2896 268 2976 serti3
312 2896 373 2985 qui
412 2916 577 2964 numeros
615 2894 757 2972 callent,
792 2918 863 2962 non
896 2896 1022 2985 pauci3
1062 2893 1209 2966 Poetica

159 3008 300 3090 imbuti,
333 3032 426 3079 unus
462 3018 499 3077 et
534 3009 635 3077 alter.
705 3009 835 3099 Ecquis
861 3009 991 3080 Orator
1018 3008 1073 3078 M.
1091 3011 1208 3082 'llrllio

160 3135 223 3195 aut
239 3126 459 3194 numerosior
475 3147 631 3214 unquam
649 3124 727 3204 fuit,
743 3133 805 3192 aut
822 3125 937 3195 verbis
962 3128 1127 3208 ornatior,
1145 3139 1208 3198 aut

160 3239 346 3308 affectibus
363 3238 616 3318 vehementior,
634 3247 697 3307 aut
718 3238 930 3330 imaginibus
954 3241 1069 3329 aptior
1090 3251 1127 3309 et
1147 3243 1210 3311 foe-

160 3353 331 3422 cundiorl
358 3354 415 3421 cui
432 3362 551 3422 tamen
567 3375 682 3432 nemo,
697 3375 755 3421 me
768 3353 912 3442 quidem
924 3353 1055 3442 judice,
1070 3356 1208 3426 etiamsi

160 3490 224 3558 per
250 3488 415 3534 numeros
442 3466 478 3533 id
506 3464 656 3544 licuerit,
683 3464 787 3532 facile
813 3486 889 3533 esse
913 3462 1033 3532 Poetae
1061 3466 1208 3536 dederit.

160 3578 215 3648 At
240 3602 324 3647 vero
354 3580 383 3647 si
410 3577 597 3645 Platonem
628 3577 860 3657 nominamus,
891 3599 1013 3645 omnes
1044 3601 1114 3646 uno
1149 3603 1209 3649 ore

161 3692 376 3772 clamabunt,
394 3699 491 3759 recte
514 3713 596 3759 eum
614 3691 682 3759 dici
701 3690 757 3759 Vel
773 3688 923 3784 ‘qupori
944 3691 1209 3783 ποιητικωτέρον.

162 3805 257 3888 Quid
283 3806 357 3874 itai
410 3804 598 3887 Quoniam,
625 3805 740 3885 credo,
763 3805 887 3873 Cicero
914 3828 991 3895 quae
1018 3806 1103 3896 agit,
1134 3828 1209 3874 ora-

161 3922 251 3989 torie
283 3920 377 4010 agit3
417 3941 556 4009 semper
587 3920 652 3987 sibi
680 3920 783 4010 fingit
813 3919 1002 4001 theatrum,
1034 3919 1209 4002 subsellia,

161 4038 360 4118 auditores3
386 4036 505 4113 instat,
524 4043 638 4126 urget,
652 4033 802 4102 effundit
820 4036 946 4115 omnia,
961 4037 1087 4125 quibus
1101 4038 1210 4106 animi

162 4151 376 4219 commoveri
390 4150 536 4239 possint.
569 4147 673 4216 Plato
691 4157 814 4216 contra
831 4149 953 4217 suisio
972 4149 1106 4218 deliciis
1119 4174 1209 4219 nun-

162 4287 268 4356 quam
290 4287 362 4333 non
384 4265 513 4333 versari
536 4263 696 4332 videtur:
723 4262 789 4331 sibi
818 4263 1012 4354 indulgere,
1034 4286 1106 4332 non
1132 4265 1210 4336 aliis
