2738 4866
218 312 282 374 100
343 310 426 389 Quid
439 309 537 374 caleat
553 310 684 374 Achillis
697 319 723 372 ct
739 308 879 372 Patrocli
893 309 1056 372 amicitia:
1102 329 1264 371 raunvu.

267 481 432 573 Denique
458 504 530 552 non
552 481 682 552 Priami
710 483 882 575 precibus,
907 481 966 550 sed
992 481 1102 573 patris
1128 502 1263 550 memo·

216 598 289 677 riae,
313 598 490 667 condonat
515 597 754 690 implacabiles
777 599 901 680 etiam,
924 619 1011 687 quos
1037 599 1075 666 in
1104 597 1263 666 Hectora

216 721 436 804 conceperat,
454 713 599 783 furores.

267 826 397 918 Neque
415 850 498 896 vero
521 851 592 897 non
610 852 774 921 magnam
791 828 901 897 habet
917 827 1058 896 lenioris
1078 827 1262 917 cujusdam

215 941 362 1012 affectus
391 943 684 1035 significationem
713 968 813 1014 amor
841 943 902 1013 ille
931 943 1117 1034 plusquam
1148 942 1264 1011 foemi-

214 1080 313 1140 neus,
331 1081 401 1147 quo
424 1056 485 1126 ille
504 1057 706 1128 Patroclum
725 1082 839 1138 suum,
859 1059 976 1127 vivum
1000 1067 1263 1147 mortuumque,

215 1174 496 1243 constantissime
524 1175 758 1265 prosequitur.
815 1173 887 1244 Sed
917 1174 1082 1265 quoniam
1108 1173 1138 1241 is
1163 1194 1264 1241 amor

208 1285 421 1375 jamdudum
438 1287 527 1356 abiit
544 1287 581 1356 in
599 1288 835 1378 proverbium,
852 1289 927 1380 ejus
948 1286 1121 1379 exemplis
1141 1308 1263 1378 super-

214 1400 408 1470 sedendum
436 1401 533 1471 duxi.
603 1402 727 1472 Unum
755 1405 861 1474 modo
887 1403 1115 1474 consideretis
1142 1401 1262 1482 velim,

216 1515 325 1605 (quod
343 1514 513 1584 salvabat
531 1515 728 1585 divinarum
746 1538 862 1584 rerum
880 1515 1102 1606 reverentia)
1116 1521 1262 1584 rectene

213 1631 324 1721 possit
346 1629 384 1698 in
407 1629 498 1698 hanc
523 1652 597 1699 rem
623 1630 714 1699 trahi
742 1631 1038 1722 perfectissimum
1061 1629 1150 1698 illud
1174 1630 1263 1698 ami-

213 1745 305 1814 citiae
323 1744 514 1836 exemplar,
530 1745 624 1835 quod
641 1745 677 1814 in
692 1745 831 1816 Davide
848 1754 885 1815 ct
898 1745 923 1815 J
924 1746 1100 1815 onathano
1117 1754 1262 1836 praestat

213 1860 314 1930 nobis
335 1859 495 1930 Historia
517 1861 757 1931 Sacrosancta.
822 1861 917 1929 Mihi
952 1861 1106 1952 quidem,
1135 1860 1262 1940 fateor,

213 1999 295 2045 cum
317 1977 487 2045 derebus
509 1975 660 2045 heroicis
682 1977 724 2045 fit
741 1977 899 2066 quaestio,
917 1998 1056 2068 semper
1072 1976 1146 2045 fere
1170 1973 1261 2044 solet

213 2091 333 2159 venire
358 2090 395 2158 in
425 2099 584 2160 mentem
612 2089 779 2161 Davidis:
815 2091 875 2181 qui
906 2093 991 2160 dum
1021 2091 1121 2171 vixit,
1150 2089 1262 2159 oculis

212 2225 304 2295 pene
331 2204 523 2273 cernebant
556 2202 719 2271 homines
748 2203 897 2271 formam
925 2204 1036 2294 ipsam
1066 2225 1108 2272 ac
1133 2203 1261 2272 faciem

213 2318 362 2388 heroicae
390 2319 540 2388 virtutis.
593 2318 813 2408 Quocunque
836 2318 1015 2410 igiturex
1040 2327 1142 2408 parte
1165 2317 1262 2385 vide-

212 2455 292 2503 mus
310 2455 391 2502 cum
409 2433 471 2501 illo
486 2456 568 2502 vero
582 2455 623 2502 ac
641 2433 722 2500 vivo
740 2433 928 2501 convenire
946 2455 996 2513 ea,
1015 2431 1143 2521 quibus
1161 2431 1261 2500 fabu-

212 2549 305 2620 losos
323 2557 450 2619 ornant
466 2548 609 2630 Poetae3
626 2549 674 2617 ibi
689 2547 974 2639 intelligendum,
988 2569 1062 2616 rem
1080 2546 1153 2615 illis
1169 2546 1259 2615 bene

213 2667 367 2735 cessisse.
420 2663 607 2753 Nusquam
625 2670 745 2747 autem
764 2662 892 2731 melius
909 2662 1137 2744 conveniunt,
1155 2683 1259 2752 quam

213 2801 259 2848 ex
289 2802 332 2849 ea
358 2787 468 2871 parte,
496 2800 602 2869 quam
633 2776 739 2845 modo
767 2777 980 2846 dicebamus.
1034 2776 1190 2868 Nempe,
1219 2783 1260 2844 111

212 2917 380 2986 germano
392 2893 504 2963 Heroi
515 2892 539 2961 J
541 2892 750 2974 onathanus,
759 2893 810 2961 ita
820 2892 1064 2960 commentitio
1076 2890 1260 2961 Patroclus

213 2989 332 3078 comes
348 3009 499 3088 additur,
518 3008 695 3076 acerrimis
713 3007 890 3076 mitissimi
908 3014 945 3078 et
962 3006 1170 3077 suavissimi.

390 3156 435 3207 νῦν
443 3175 481 3208 τις
493 3151 589 3220 ἐνηείης
600 3155 768 3221 Πατροκλῆος
780 3152 877 3205 δειλοῖο

388 3239 540 3309 μνησάσθω·
558 3240 639 3292 πᾶσιν
650 3239 700 3309 γὰρ
713 3239 837 3293 ἐπίστατο
848 3240 967 3309 μειλιχος
978 3236 1041 3294 εἶναι
1049 3248 1071 3294 ⁸.

214 3364 332 3434 Docet
365 3371 486 3432 autem
520 3363 717 3431 communis
747 3363 830 3444 vita,
864 3363 1080 3433 firmissimas
1110 3364 1261 3433 evadere

213 3481 386 3550 amicitias
409 3501 542 3559 eorum,
560 3479 620 3567 qui
643 3478 694 3546 ita
718 3477 848 3546 similes
870 3477 1024 3548 habeant
1047 3478 1259 3562 voluntates,

213 3605 255 3666 111
267 3596 326 3664 hic
338 3594 516 3663 remissius
529 3600 567 3661 et
579 3591 702 3674 lenius,
714 3591 775 3661 ille
785 3615 867 3661 cum
881 3615 1009 3685 magna
1021 3595 1260 3676 contentione,

213 3710 339 3784 eadem
357 3707 461 3778 ambo
474 3707 601 3776 sectari
618 3730 660 3776 ac
677 3705 823 3798 diligere
841 3707 987 3777 soleant.

263 3824 288 3894 J
289 3847 346 3894 am
364 3822 458 3913 quod
473 3820 640 3890 credibile
658 3829 723 3903 est,
737 3823 851 3891 amico
864 3831 1016 3903 mortuo,
1030 3823 1162 3895 Davidi
1177 3845 1264 3916 prae-

213 3940 318 4030 cipue
347 3938 485 4007 luctum
515 3937 725 4017 accendisse,
752 3936 788 4006 id
816 3936 952 4006 Achilli
977 3960 1118 4029 quoque
1149 3942 1261 4011 conti-

213 4052 305 4144 gisse
339 4059 401 4121 aut
430 4052 534 4121 finxit
562 4051 676 4120 Poeta
702 4059 765 4120 aut
792 4051 899 4120 fando
927 4051 1130 4122 audiverat:
1167 4054 1260 4146 ipsos
1331 4080 1337 4089 ·

214 4166 473 4256 quodammodo
514 4167 551 4235 in
592 4188 697 4235 causa
738 4165 855 4247 fuisse,
889 4166 1016 4237 inscios
1058 4165 1156 4250 licet,
1199 4191 1261 4238 cur

627 4320 641 4349 ⁸
661 4312 692 4364 ll.
706 4311 768 4365 xvii.
782 4311 843 4381 670.
916 4343 918 4346 <
