2738 4866
231 341 295 403 114
356 338 496 418 ριιοοοοι
509 338 627 402 cormac
640 337 779 402 tardetur
791 337 926 414 Achillis
939 338 1079 401 amab.
1102 357 1198 398 raas.
1211 354 1271 397 rm.

230 533 273 582 ea
309 533 348 579 re
382 509 536 579 viderint
568 511 629 601 qui
667 509 761 602 apud
801 506 930 600 Epicos
968 510 1089 584 omnia
1125 505 1273 577 rotundo

229 624 376 719 proferri
399 624 525 695 volunt
547 647 618 708 ore,
636 648 718 694 cum
743 635 883 694 tumore
904 625 1059 716 quodam
1083 632 1122 694 et
1150 624 1275 693 sonitu.

230 741 347 813 Nobis
363 748 419 812 sat
439 742 507 810 erit
524 741 637 812 tribus
655 741 850 811 ostendisse
868 740 994 825 verbis,
1013 763 1120 831 quam
1144 736 1276 819 sedulo,

229 880 293 952 por
318 859 416 940 seria,
437 879 570 950 perque
595 857 708 940 ludos,
729 857 879 927 ducatur
902 857 938 924 in
967 855 1114 948 longum
1143 855 1277 925 reditus

228 971 380 1045 Achillis
413 975 450 1043 iu
484 967 621 1065 praelia:
660 995 706 1041 ue
735 973 827 1042 forte
861 973 990 1064 raptim
1024 994 1107 1041 cum
1144 971 1278 1040 incuria

229 1090 381 1181 quadam
398 1096 535 1182 agatur,
550 1111 629 1179 quae
644 1110 782 1158 summa
797 1089 909 1158 totius
920 1088 1035 1179 operis
1049 1109 1129 1157 esso
1144 1085 1278 1155 debuit.

230 1203 346 1287 Adeo,
373 1205 433 1296 qui
463 1204 559 1295 prius
592 1205 637 1273 ad
668 1212 836 1273 eventum
871 1203 1109 1283 festinaverat,
1136 1203 1174 1270 in
1203 1202 1278 1292 ipso

229 1327 363 1388 eventu
396 1338 581 1410 suspensos
615 1318 775 1388 detinere
802 1319 924 1402 novit3
961 1318 1055 1409 quod
1089 1324 1168 1386 erat
1201 1338 1280 1407 pro·

231 1436 327 1506 fecto
350 1437 494 1507 artificis
516 1445 595 1505 tum
615 1435 829 1527 peritissimi,
848 1446 925 1505 tum
950 1436 1058 1527 longe.
1079 1433 1186 1504 aliter
1204 1454 1279 1501 rem

231 1552 368 1644 agentis
384 1559 493 1643 atque
510 1572 614 1644 agere
632 1550 722 1621 solet
740 1550 865 1644 vulgus
884 1529 1089 1620 Poetarum.

284 1668 455 1762 Egressus
479 1667 624 1737 tandem
650 1667 687 1734 in
710 1668 823 1736 aciem
841 1665 1011 1746 Achilles,
1033 1665 1114 1734 talis
1134 1664 1200 1745 vir,
1223 1663 1280 1732 cui

231 1784 320 1854 nihil
335 1806 493 1875 unquam
510 1782 624 1854 simile
648 1792 710 1851 aut
728 1783 923 1854 secundum
942 1781 1065 1874 viguit,
1083 1777 1280 1872 periculum

233 1909 309 1970 erat
326 1923 372 1969 ne
389 1922 460 1969 uno
478 1899 579 1990 quasi
599 1899 674 1966 ictu
696 1920 771 1966 rem
789 1905 902 1967 totam
925 1897 1080 1988 bellique
1102 1895 1281 1964 fortunam

233 2015 442 2086 absolveret.
488 2014 687 2086 Videamus
711 2014 830 2106 igitur,
853 2035 924 2105 qua
948 2012 1136 2105 prudentia
1161 2010 1283 2079 certis·

235 2131 341 2200 simos
374 2152 492 2200 rerum
523 2130 642 2198 exitus
672 2129 864 2198 tardaverit
893 2119 1051 2220 scriptor,
1079 2127 1131 2196 ita
1160 2133 1281 2194 tamen

232 2253 276 2316 ut
298 2246 387 2315 nihil
405 2245 618 2315 deminuerit
640 2244 684 2313 de
704 2244 827 2313 invicti
845 2243 910 2311 viri
933 2242 1057 2336 gloria.
1110 2241 1282 2319 Primum,

233 2360 318 2430 satis
351 2358 444 2428 clarc
479 2358 658 2440 docemur,
690 2380 735 2426 ne
769 2379 927 2450 pugnare
961 2359 1103 2449 quidem
1138 2377 1283 2427 ausuros

233 2476 309 2544 fore
328 2474 505 2564 Trojanos,
527 2474 594 2545 nisi
618 2473 941 2560 Deorumsuorum
964 2473 1161 2554 instinctu3
1187 2471 1284 2540 ideo·

233 2613 303 2682 que
329 2589 467 2658 veniam
498 2588 636 2659 dedisse
659 2588 788 2658 Jovem
814 2611 970 2681 pugnam
1000 2587 1156 2669 ineundi,
1188 2586 1283 2678 prius

229 2707 407 2776 uetitum:

373 2838 488 2912 ἔρχεσθ,
501 2839 563 2911 ὄφρ’
577 2840 608 2895 ἂν
619 2839 710 2910 ἵκησθε
722 2841 787 2911 μετὰ
798 2846 887 2912 Τρῶας
899 2841 940 2893 καὶ
951 2837 1080 2910 Ἀχαιούς·

373 2926 547 2998 ἀμφοτέροισι
560 2926 582 2981 δ’
595 2925 709 2998 ἀρήγεθ’,
722 2925 773 2996 ὅπη
785 2930 844 2983 νόος
855 2927 929 2982 ἐστὶν
939 2926 1059 2981 ἑκάστου.

374 3012 396 3065 εἰ
407 3013 458 3083 γὰρ
469 3011 607 3082 Ἀχιλλεὺς
620 3009 673 3068 οἶος
685 3013 727 3068 ἐπὶ
739 3016 860 3083 Τρώεσσι
870 3016 998 3084 μαχεῖται,

375 3097 434 3152 οὐδὲ
445 3097 542 3167 μίνυνθ’
555 3095 644 3168 ἕξουσι
655 3087 773 3153 ceddren
785 3099 919 3165 Πηλείωνα
928 3106 945 3150 ”.

234 3269 384 3352 Deinde,
409 3271 468 3360 qui
494 3271 627 3363 primus
648 3293 730 3340 cunr
756 3269 900 3341 Achille
923 3291 1026 3340 ausus
1053 3277 1109 3338 est
1135 3289 1281 3337 manum

235 3385 404 3467 conferre,
423 3382 573 3471 AEneas,
591 3386 760 3456 divinitus
785 3408 806 3455 e
831 3386 949 3455 medio
972 3383 1281 3477 praelioeripitur:

232 3500 491 3570 interveniente
527 3502 636 3592 (quod
666 3502 809 3592 mirere)
844 3501 1026 3594 Neptuno,
1057 3501 1118 3590 qui
1144 3520 1283 3590 semper·

234 3639 280 3692 ex
307 3615 465 3708 partibus
483 3614 704 3686 Achivorum
732 3624 890 3686 steterat.
943 3617 1099 3688 Omnino
1127 3616 1158 3686 is
1183 3616 1281 3707 qnasi

225 3730 398 3802 cumulus
432 3731 566 3822 imponi
600 3732 724 3802 debuit
763 3731 924 3802 laudibus
959 3729 1123 3823 Achillis,
1157 3754 1281 3802 cavere

226 3849 342 3940 ipsius
368 3845 430 3916 Dii
453 3847 653 3929 auxiliares,
679 3870 725 3916 ne
751 3847 808 3916 vel
833 3846 913 3943 ὑπὲρ
939 3857 1058 3943 μοῖραν
1083 3847 1280 3939 triumphos

233 3970 364 4057 ageret.
416 3961 612 4046 Postremo,
633 3964 695 4033 ubi
710 3964 799 4056 jam,
820 3973 937 4058 strage
960 3963 1168 4046 incredibili,
1187 3965 1281 4033 dicas

233 4075 458 4170 profligatum
497 4076 602 4169 plane
641 4078 787 4159 bellum,
827 4078 945 4149 subito
985 4078 1163 4148 excitatur
1202 4078 1280 4147 irati

668 4342 678 4365 ¹
696 4334 729 4388 11.
742 4352 787 4389 xx.
801 4351 843 4401 24.
