2738 4866
221 311 265 372 50
416 308 598 372 Testimoniu
612 308 649 372 do
663 308 873 373 Βανόαιοοηυι
892 307 1071 386 dorsalibus,
1121 329 1216 372 namn.
1227 328 1267 369 1v·

222 463 415 554 Ipsumque
445 463 534 531 adeo
565 463 706 531 mentis.
724 461 887 530 humanae
918 460 1160 543 Conditorem,
1188 483 1268 530 oum

221 579 361 647 vatibus
389 586 426 646 et
454 577 667 647 carminibus
696 577 751 645 uti
778 577 983 658 decreverit,
1007 598 1068 644 eos
1093 577 1161 645 sibi
1186 576 1269 645 Pro-

220 691 347 783 phetas
382 692 503 760 dedita
533 689 740 781 plerumque
775 712 882 781 opera
907 690 1089 782 delegisse,
1120 713 1269 782 quorum

220 805 316 875 ultro
333 806 511 874 ferverent
529 805 648 886 animi,
666 806 892 894 maximeque
913 805 1008 874 illius
1025 806 1173 874 remedii
1191 827 1269 897 ege·

220 929 311 989 rent.
363 919 460 1003 Quid
476 918 613 988 multa?
639 918 705 1010 ipsi
724 921 768 988 de
786 942 823 989 se
841 921 1055 1011 loquuntur:

325 1053 394 1120 εἶπα,
407 1057 519 1127 φυλάξω
531 1058 577 1112 τὰς
589 1056 665 1112 ὁδούς
673 1068 735 1126 μου,

359 1147 406 1196 τοῦ
417 1144 452 1212 μὴ
464 1143 616 1212 ἁμαρτάνειν
628 1143 656 1197 ἐν
666 1145 779 1214 γλώσση
792 1158 853 1212 μου·

326 1228 418 1298 ἐθέμην
430 1233 465 1300 τῷ
480 1230 592 1298 στόματί
601 1252 652 1298 μου
664 1230 793 1300 φυλακὴν,

361 1312 389 1366 ἐν
400 1317 436 1386 τῷ
449 1315 575 1381 συστῆναι
587 1316 632 1368 τὸν
643 1314 796 1386 ἁμαρτωλὸν
807 1313 921 1368 ἐναντίον
932 1336 992 1383 μου.
1057 1376 1060 1381 ,

327 1398 469 1468 ἐκωφῶθην
481 1399 522 1452 καὶ
534 1398 713 1468 ἐταπεινώθην,

326 1485 368 1538 καὶ
380 1485 495 1555 ἐσίγησα
508 1485 537 1552 ἐξ
549 1484 662 1556 ἀγαθῶν,

361 1571 402 1623 καὶ
414 1571 444 1623 τὸ
457 1570 560 1641 άλγημά
571 1592 622 1639 μου
634 1571 807 1641 άνεκαινίσθη·

325 1656 467 1726 ἐθερμάνθη
479 1655 494 1724 ἡ
508 1655 600 1727 καρδία
611 1679 661 1726 μου
674 1657 745 1713 ἐντός
756 1680 815 1727 μου,

326 1743 368 1797 καὶ
380 1743 407 1796 ἐν
418 1745 448 1812 τῇ
461 1743 557 1812 μελέτη
569 1765 620 1812 μου
633 1743 818 1812 ἐκκαυθήσεται
829 1748 891 1814 πῦρ’

361 1828 481 1897 ἐλάλησα
492 1828 520 1882 ἐν
530 1831 643 1899 γλώσσῃ
656 1827 730 1895 μουῙ.

222 1947 352 2039 Neque
369 1948 474 2018 aliter
492 1948 734 2039 queribundus
750 1946 775 2016 J
776 1949 934 2030 eremias

326 2063 394 2129 εἶπα,
408 2072 426 2096 “
436 2067 474 2119 Οὐ
485 2066 519 2135 μὴ
532 2065 653 2134 ὀνομάσω
666 2068 696 2119 τὸ
709 2065 789 2135 ὄνομα
802 2068 907 2138 Κυρίου,

326 2153 367 2206 καὶ
379 2151 410 2204 οὐ
421 2151 456 2220 μὴ
467 2149 578 2221 λαλήσω
590 2153 628 2206 ἔτι
641 2152 683 2206 ἐπὶ
695 2155 731 2224 τῷ
744 2153 848 2221 ὀνόματι
860 2155 968 2208 αὐτοῦ’”

326 2239 367 2292 καὶ
380 2237 482 2308 ἐγένετο
494 2239 528 2294 ὥς
538 2241 591 2307 πῦρ
604 2241 737 2307 καιόμενον
749 2239 852 2309 φλέγον
864 2240 892 2294 ἐν
903 2243 957 2296 τοῖς
969 2241 1058 2296 ὀστοῖς
1068 2264 1127 2310 μου,

327 2326 369 2379 καὶ
380 2327 503 2395 παρεῖμαι
513 2324 648 2388 πάντοθεν,
661 2325 703 2377 καὶ
715 2325 746 2377 οὐ
758 2325 865 2394 θυνάμαι
877 2326 1000 2397 piperve.

273 2580 360 2649 Dixi
386 2583 431 2651 de
458 2580 645 2651 Hebraioae
672 2581 824 2651 Poeseos
850 2583 971 2651 initio:
1002 2604 1079 2672 qnae
1105 2583 1271 2673 quoniam

223 2697 298 2764 sine
333 2696 572 2765 controversia
603 2694 708 2788 longe
743 2704 798 2766 est
832 2697 991 2765 omnium
1025 2697 1271 2775 vetustissima,

223 2809 391 2880 credibile
425 2810 481 2888 sit,
514 2832 592 2878 eam
626 2811 780 2900 profanis
815 2834 955 2901 quoque
989 2811 1199 2902 principium
1235 2819 1272 2879 et

223 2923 406 3014 exemplar
436 2924 583 2992 dedisse.
637 2923 744 2993 Certe
774 2925 858 2993 satis
888 2925 978 2993 bene
1008 2947 1089 2993 oum
1118 2948 1161 2994 ea
1191 2949 1273 2995 oon-

224 3038 382 3118 veniunt‚
413 3038 440 3105 si
472 3060 553 3128 quae
587 3039 725 3127 uspiam
760 3038 853 3128 apud
882 3037 1054 3107 Barbaros
1089 3048 1274 3108 servantur

223 3152 325 3220 nobis
343 3141 538 3220 carminum
555 3151 730 3240 reliquiae:
757 3160 799 3219 ut
816 3151 877 3220 illa
891 3149 1034 3220 Aretois
1051 3152 1191 3243 populis
1205 3153 1274 3221 usi-

223 3274 311 3349 tata,
338 3267 466 3358 quibus
493 3267 712 3357 inexpletam
741 3266 878 3335 bellieae
903 3265 1023 3358 gloriae
1048 3267 1144 3335 sitim
1167 3268 1274 3336 moris

224 3387 302 3449 erat
318 3382 362 3450 ad
380 3389 521 3470 tempus
547 3382 680 3450 sedare.
732 3379 813 3463 Quo
837 3382 874 3448 in
897 3403 1028 3472 genere
1051 3382 1273 3450 notissimum

225 3503 280 3564 est
309 3495 408 3576 illud,
438 3494 546 3587 Regis
570 3495 725 3588 Ragneri
750 3495 860 3565 vineti
886 3518 927 3564 ao
954 3478 1157 3584 squalentia
1187 3519 1275 3564 nou-

226 3609 313 3678 dum
346 3617 466 3678 tamen
501 3611 659 3679 edomito
697 3612 825 3693 animo,
860 3610 1006 3701 ελεγεῖον
1041 3609 1186 3681 dicam?
1230 3633 1274 3680 an

226 3723 377 3794 ἐπινίκιον
387 3725 401 3794 l

477 3818 661 3888 Pugnavimus
673 3817 791 3871 ensibus.

478 3902 663 3973 Quinquagies
675 3911 701 3955 et
714 3903 795 3956 semel
806 3910 917 3957 vocatus
929 3902 1012 3966 adfui,

478 3987 572 4041 Praelio
585 3988 636 4042 sub
649 3987 733 4057 signis
746 3987 826 4041 lacto.

478 4075 590 4127 Minime
602 4076 724 4128 omnium
736 4075 850 4146 eogitari
861 4074 1012 4136 hominum,

395 4256 402 4294 ¹
422 4257 468 4310 Ps.
481 4256 571 4310 xxxix.
582 4271 664 4335 1—3.
868 4265 892 4293 ¹¹¹
911 4256 1010 4309 Jerem.
1023 4275 1067 4309 xx.
1081 4273 1107 4326 9.
