2738 4866
155 344 247 386 rann.
262 343 342 384 xvn.
379 322 430 386 Da
447 319 547 385 Ἐπτα
563 323 611 386 ἐπὶ
626 327 756 401 Θηβαΐς,
772 323 890 406 ey'asqm
903 323 1049 388 chama.
1137 327 1201 393 298

155 493 260 562 dere:
299 494 350 562 ita
376 501 508 574 tamen,
538 500 581 562 ut
609 492 722 584 ipsius
745 490 872 562 fabulae
901 514 1041 562 summa
1070 493 1202 584 ubique

154 616 315 677 servetur
339 607 554 701 simplicitas,
607 607 706 676 Eunt
730 606 950 699 redeuntque
971 630 1140 699 personae,
1157 605 1201 678 τὸ

152 721 259 795 πάθος
275 731 408 792 manet.
1108 725 1119 746 ⁸

193 837 297 921 Quod
315 838 410 907 idem
428 838 546 906 nescio
564 860 609 906 an
623 835 749 907 clarius
767 838 875 906 etiam
894 836 1068 929 significet
1086 837 1202 930 splen-

155 949 336 1021 didissima
361 950 556 1044 Tragoedia,
583 952 641 1019 cui
676 950 812 1031 titulus,
845 947 962 1020 Ἑπτὰ
992 949 1046 1018 ἐπὶ
1074 949 1200 1036 Θήβας.

157 1063 245 1155 Ejus
264 1064 409 1155 quidem
436 1064 539 1132 editae
566 1086 698 1132 annum
729 1063 927 1133 nescimus:
954 1071 1095 1134 tanturn
1120 1073 1201 1156 post

157 1178 282 1249 Persas
316 1179 483 1270 scriptam
519 1177 627 1248 fnisse
662 1186 786 1247 auctor
822 1187 877 1247 est
911 1178 1083 1270 interpres
1119 1177 1202 1248 Ari-

155 1293 366 1385 stophanis&
419 1292 631 1362 Universam
655 1300 777 1367 autem
807 1292 905 1365 illam
931 1292 1088 1367 fabulam
1110 1314 1202 1361 unus

155 1408 320 1478 Eteocles
342 1409 394 1477 ita
419 1407 580 1488 sustinet,
603 1416 645 1476 ut
670 1429 713 1476 ea
734 1430 806 1477 non
823 1414 898 1476 tarn
919 1407 1103 1500 Tragoedia
1126 1429 1202 1477 esse

155 1523 326 1605 videatur,
354 1546 461 1614 qnam
487 1545 617 1613 pompa
642 1523 802 1613 quaedam
829 1523 986 1615 Tragisa,
1013 1546 1132 1592 coram
1159 1546 1201 1592 eo

155 1637 272 1707 ducta.
308 1637 473 1707 Neminis
491 1661 536 1706 ne
553 1660 701 1729 persona
717 1639 861 1729 quidem
878 1638 1076 1708 inducitur:
1095 1639 1202 1708 modo

155 1750 403 1843 Amphiaraus,
420 1753 616 1843 Capaneus,
635 1753 761 1834 caeteri,
786 1752 911 1822 nuntio
934 1760 1108 1834 narrante,
1133 1753 1203 1822 sin-

155 1867 231 1960 guli
261 1868 521 1958 quodammodo
553 1868 741 1958 prodeunt.
809 1866 904 1950 Quid
939 1866 1079 1936 multa?
1121 1868 1204 1936 sim-

156 1981 308 2074 plicitati
333 1983 392 2051 isti
417 2004 488 2052 suae
514 1990 588 2051 tam
610 1983 714 2051 unice
733 1981 792 2051 hic
814 1982 992 2053 consuluit
1015 1983 1136 2064 Poeta,
1159 1991 1202 2052 ut

155 2103 298 2173 tantum
320 2119 392 2165 uon
410 2097 476 2188 ipsi
502 2096 693 2189 Tragoedias
716 2097 866 2167 formam
886 2097 1069 2189 Tragicam
1096 2097 1203 2167 dene-

155 2213 302 2305 gaverit.

208 2325 313 2409 Quod
334 2334 455 2396 autem
481 2328 517 2394 in
543 2349 695 2407 scenam,
724 2335 885 2397 extremo
912 2328 982 2397 fine
1011 2328 1202 2410 Poematis,

155 2439 376 2533 Antigonam
389 2462 470 2510 cum
485 2462 602 2509 sorore
619 2440 763 2521 miserit,
781 2463 944 2531 novoque
961 2441 1091 2511 affectu
1108 2465 1203 2511 nunc

156 2552 275 2624 luctus
298 2554 343 2623 de
368 2562 484 2623 morte
510 2554 668 2636 fratrum,
695 2577 790 2623 nnnc
816 2555 946 2647 gaudia
970 2556 1203 2625 immiscuerit

156 2667 326 2748 victoriae,
352 2668 517 2759 urbisque
543 2676 707 2751 servatae3
737 2668 946 2737 crediderim
974 2669 1138 2760 equidem
1167 2671 1203 2739 id

154 2782 280 2856 fecisse
294 2783 513 2875 AEschylnm,
531 2782 730 2875 Sophocleo
743 2783 861 2872 potius
873 2783 963 2852 morl
981 2783 1203 2867 obsecutum,

157 2896 303 2989 (quippe
333 2899 392 2989 qui
423 2898 490 2972 hoc
521 2906 681 2989 tempore
709 2919 857 2990 regnare
884 2898 960 2988 jam
992 2899 1029 2967 in
1055 2897 1203 2970 theatris

154 3012 358 3105 incepisset)
376 3036 483 3104 quam
500 3014 639 3104 propria
656 3012 839 3082 voluntate
857 3020 895 3082 et
905 3012 1052 3103 judicio,

207 3127 419 3219 Quanquam
437 3136 475 3197 et
491 3129 540 3198 ibi
558 3127 786 3219 AEschyleum
809 3127 914 3219 plane
931 3127 1018 3198 illud
1040 3149 1203 3220 agnosce,

156 3243 251 3332 quod
276 3242 352 3333 ipso
378 3243 486 3313 etiam
504 3244 575 3312 fine
591 3242 783 3335 Tragoedias
806 3243 934 3312 soliciti
957 3243 1204 3334 relinquuntur

156 3358 275 3438 animi,
293 3379 332 3425 re
348 3358 490 3427 infecta.
543 3357 655 3427 Plane
680 3357 771 3427 siout
793 3358 831 3426 in
852 3358 996 3427 musicis
1013 3358 1087 3426 fieri
1105 3353 1205 3426 audi-

155 3494 247 3554 mus,
282 3472 361 3564 lege
394 3472 584 3542 harmoniae
617 3496 689 3541 non
716 3473 811 3541 omni
843 3496 888 3542 ex
918 3482 1019 3564 parte
1046 3479 1204 3554 servata3

157 3609 364 3678 suspensum
399 3587 661 3677 quodammodo
695 3586 846 3678 relinqui
881 3588 917 3655 in
952 3610 1033 3656 aere
1066 3607 1203 3666 sonum,

156 3717 272 3790 neque
289 3721 353 3768 suo
371 3708 530 3790 tempore
546 3701 583 3768 in
602 3700 723 3769 orbem
742 3700 938 3790 perfectum
961 3699 1085 3769 redire.
1138 3697 1204 3768 Vi-

157 3814 240 3882 dete
273 3836 318 3882 an
357 3813 529 3904 ejusmodi
564 3815 635 3884 sint
669 3812 785 3883 ultimi
821 3837 962 3904 quoque
997 3810 1203 3887 Promethei

157 3949 277 4002 VQI'SUS
287 3950 295 3996 :

438 4020 518 4076 τοιάδ’
531 4022 570 4076 ἐπ’
583 4022 639 4090 ἐμοὶ
650 4021 712 4092 ῥίπη
725 4023 817 4077 Διόθεν

439 4105 569 4176 τεύχουσα
582 4107 668 4176 φόβον
681 4107 779 4178 στείχει
791 4109 918 4178 φανερῶς·

557 4300 571 4336 ε
591 4289 624 4343 ln
637 4289 705 4343 lica.
722 4289 798 4350 1026,
