2738 4866
157 351 297 394 ranna.
394 333 977 418 .tmopoooitato,tumdclortorrrum‚
1162 335 1205 403 67

158 499 401 588 Pollenthaec
426 503 574 574 artificio
598 528 671 574 non
693 505 885 575 mediocriz
910 507 974 576 sed
993 528 1069 576 rem
1089 508 1201 598 ipsam

157 615 218 705 qui
236 616 324 686 velit
341 618 482 700 intueri,
499 617 658 688 Thronos
674 620 779 690 adeat
796 619 821 690 J
821 620 916 690 ndaei
934 619 1040 692 Vatis
1050 616 1078 690 l.

263 744 388 812 ἐξέλιπον
399 745 427 799 έν
437 745 562 814 δάκρυσιν
573 747 598 799 οἱ
609 745 744 816 ὀφθαλμοί
753 768 812 815 μου,

263 831 392 901 ε’τάραχθη
404 829 420 899 ἧ
432 832 524 900 καρδία
534 853 593 900 μου,

263 915 373 986 ⁶}quer
385 916 421 972 εἷς
432 916 478 985 Τὴν
488 915 537 988 “fill
549 917 563 984 'l
576 917 641 984 δόξα
651 939 710 986 W,

298 1001 341 1056 ε’πὶ
352 1004 382 1056 τὸ
395 1001 540 1074 σύντριμμα
550 1005 596 1071 τῆς
607 1002 733 1074 θνγατρὸς
743 1005 809 1056 λαοῦ
820 1024 878 1072 μου,

263 1089 291 1142 ἕν
302 1091 338 1160 τῷ
350 1089 477 1143 ἐκλείπειν
488 1087 577 1157 νήπιον
588 1089 631 1142 καὶ
642 1089 784 1157 θηλάζοντα
794 1088 824 1143 ε’ν
833 1090 966 1145 πλατείαις
977 1092 1085 1146 πόλεως·

297 1178 353 1231 ταῖς
363 1176 492 1244 μητράσιν
502 1176 586 1229 οὔτῶν
596 1171 678 1239 εἶπαν,
689 1178 741 1228 ποῦ
753 1178 826 1230 σῖτος
838 1176 880 1229 καὶ
892 1173 959 1232 οἶνος
965 1197 975 1240 3

262 1259 290 1314 έν
301 1265 337 1332 τῷ
349 1259 488 1316 ἐκλύεσθαι
496 1261 588 1316 αὐτοὺς
600 1261 634 1317 ὥς
645 1261 800 1330 τραυματίας
811 1261 839 1314 ε’ν
849 1261 982 1317 πλατείαις
992 1264 1102 1326 πόλεως,

263 1346 291 1400 ἒν
302 1350 338 1419 τῷ
350 1347 483 1417 ε’κχεῖσθαι
494 1347 585 1418 ψυχὰς
595 1347 679 1400 αὐτῶν
689 1347 726 1402 εἶς
737 1349 835 1400 κόλπον
844 1347 960 1416 μητέρων
971 1348 1061 1402 αὐτῶν.

155 1465 251 1536 Sunt
284 1475 324 1537 et
356 1466 418 1537 illa
450 1467 608 1560 ejusdem
643 1465 712 1538 alio
746 1468 783 1537 in
817 1466 896 1538 loco
909 1492 918 1540 ε
954 1492 1032 1560 quae
1058 1471 1202 1562 quidem

155 1583 300 1674 propius
316 1584 361 1653 ad
378 1606 454 1654 rem
472 1585 647 1654 accedunt
657 1593 691 1653 ⁰:

190 1708 206 1777 ἡ
220 1709 317 1780 κροιγτ)
329 1711 375 1778 τῆς
384 1708 556 1781 Ἰερουσαλὴμ
567 1708 656 1777 ἀνέβη·

226 1795 268 1848 καὶ
280 1796 306 1848 ol
316 1798 469 1866 μεγιστᾶνες
480 1795 558 1864 αὑτῆς
568 1794 725 1850 ἀπέστειλαν
735 1795 795 1852 τοὺς
807 1795 944 1867 νεωτέρους
955 1796 1038 1849 αὐτῶν
1049 1795 1092 1866 ἐφ’
1104 1794 1182 1864 ὕδωρ.
1204 1851 1207 1857 ,

225 1881 346 1950 ἀλθοσαν
357 1881 400 1935 ε’πὶ
411 1881 444 1934 τὰ
455 1880 565 1952 φρέατα,
578 1881 619 1934 καὶ
631 1879 678 1933 οὔκ
690 1878 802 1950 εὕροσαν
812 1879 890 1950 ὕδωρ,

227 1968 269 2021 καὶ
280 1966 453 2038 ἀπέστρεψαν
463 1967 496 2022 τὰ
507 1967 599 2038 ἀγγεῖα
610 1966 694 2020 αὐτῶν
705 1967 773 2020 κενά.

190 2087 252 2140 Ταῖς
262 2086 390 2157 μητράσιν
401 2084 486 2140 αὐτῶν
496 2083 576 2148 εἶπον,
588 2089 640 2140 ποῦ
652 2087 726 2141 σῖτος
737 2085 779 2138 καὶ
790 2081 874 2148 cinon

157 2206 321 2289 Sentitis,
338 2208 471 2298 opinor,
489 2206 557 2276 hoc
577 2230 649 2275 uno
666 2228 781 2285 versu,
798 2206 883 2296 quid
900 2207 947 2276 sit
963 2206 1058 2275 farne
1080 2228 1121 2275 ac
1145 2206 1203 2275 siti

156 2321 283 2412 perire,
310 2320 438 2390 clarius
461 2342 568 2410 quam
597 2320 802 2412 longissimo
822 2321 977 2389 carmine
1004 2328 1066 2389 aut
1085 2319 1205 2390 Ovidii

156 2445 221 2506 aut
245 2434 393 2505 Lucani.
445 2434 542 2517 Quid
562 2434 682 2505 euim?
706 2434 907 2504 scribebant
930 2433 982 2504 illi
1006 2458 1087 2525 quae
1111 2434 1206 2526 lege-

155 2558 260 2633 rant,
296 2550 470 2620 Jeremias
504 2550 655 2620 canebat
688 2572 766 2641 quae
799 2549 911 2620 oculis
945 2550 1089 2620 videbat
1123 2550 1204 2631 suis,

155 2687 305 2756 quaeque
323 2672 400 2734 toto
418 2664 524 2733 corde
540 2663 687 2756 lugebat
704 2686 745 2733 ac
763 2663 1027 2754 deprecabatur.

208 2877 395 2948 Interdum
425 2886 547 2947 tamen
576 2877 613 2945 hi
644 2901 785 2969 qnoque
819 2879 899 2969 ipsi,
927 2879 988 2970 qui
1018 2901 1064 2948 ex
1094 2878 1202 2949 animi

156 2995 295 3084 impetu
317 2991 436 3062 Poetae
459 2992 562 3075 fiunt,
582 2992 682 3083 justa
704 2993 802 3082 quasi
825 2991 948 3062 tabula
976 3015 1032 3063 res
1057 2994 1095 3061 in
1120 3015 1203 3062 con·

156 3114 282 3198 spectu
298 3113 447 3197 ponunt.
481 3192 484 3200 ι
499 3104 571 3175 Sed
589 3129 702 3197 operae
719 3107 874 3197 pretium
892 3106 960 3176 erit
979 3128 1200 3199 cognoscere,

156 3245 227 3313 quo
234 3221 382 3312 judicio,
395 3243 465 3312 qua
479 3210 690 3303 subtilitate,
702 3244 772 3312 quo
786 3221 900 3312 (paene
913 3222 1044 3310 dicam)
1061 3222 1201 3291 fastidio

156 3344 274 3428 agant.
326 3334 432 3417 Quod
449 3336 592 3425 quidem
610 3335 762 3405 alterum
780 3335 881 3406 nobis
897 3337 1004 3407 modo
1021 3337 1202 3429 posuimus

157 3449 410 3519 Primariorum
423 3451 610 3520 indicium.

208 3563 311 3635 Sicut
336 3566 443 3647 euim,
461 3587 543 3634 cum
566 3589 723 3636 rumores
746 3574 921 3649 seruntur,
938 3566 1065 3659 vulgus
1088 3567 1203 3635 homi-

157 3703 254 3761 nnm,
275 3679 374 3749 nulla
398 3679 580 3772 religione,
600 3681 783 3750 teterrima
800 3704 948 3773 quaeque
970 3681 1203 3751 libentissime

157 3795 309 3887 repetit3
339 3794 400 3885 qui
427 3803 549 3865 autem
575 3818 657 3865 vere
685 3804 873 3889 anguntur,
900 3795 1042 3866 delectu
1069 3795 1202 3874 habito,

156 3910 319 3980 molliora
339 3919 525 4000 quaeruut:
551 3911 612 3993 ita,
634 3918 819 4002 perspecto
841 3911 926 4001 quid
947 3911 1095 4001 quisque
1113 3909 1204 3994 Poe·

157 4034 275 4096 tarum
304 4024 477 4093 narrando
508 4032 570 4095 aut
598 4027 821 4119 depingendo
847 4025 990 4118 deligat,
1013 4009 1085 4095 non
1109 4024 1210 4110 male

156 4139 198 4209 lit
215 4139 419 4230 conjectura
436 4139 481 4208 de
498 4141 616 4209 animo
633 4142 803 4232 cujusque
820 4148 859 4209 et
875 4129 1062 4210 sententia.

344 4288 347 4292 ,
404 4308 415 4340 ‘¹
434 4309 523 4365 11.11.
760 4319 770 4342 ·
788 4311 886 4365 leram.
899 4311 991 4380 xiv..3.
1020 4384 1022 4386 1

657 4389 720 4453 ru
