2738 4866
163 329 228 390 212
389 328 558 391 Ρνοοονιιιιι
572 325 997 412 crgaboepritosimmocitos„
1038 348 1135 391 nun
1144 347 1206 389 xm.

162 523 294 594 genere
306 500 335 569 si
350 500 429 591 quis
442 500 632 591 exspatiari
645 498 754 581 volet,
766 522 820 569 nae
836 497 889 568 illi
907 520 1074 599 eampum
1087 496 1209 567 latissi-

163 636 262 685 mum
293 637 335 685 oo
364 614 583 684 liberrimum
608 615 768 708 praebere
794 615 927 705 poterit
953 614 1081 683 domus
1108 610 1210 702 Ulys-

163 729 245 798 seia.
271 729 389 813 Quem
407 752 489 801 cum
512 752 654 821 prorsus
674 727 873 822 neglexerit
897 727 1090 809 Homerus,
1109 724 1209 814 (nihil

163 842 258 910 enim
279 845 406 913 morari
431 845 562 914 attinet
586 843 826 935 Eurymachos
848 843 935 913 istos
960 851 999 912 et
1020 836 1209 929 Antinoiis,

162 954 256 1025 hunc
282 980 410 1028 vesana
430 966 572 1029 tantum
598 958 808 1050 arrogantie,
825 956 926 1027 illum
952 957 1090 1041 urbane
1114 955 1210 1025 colli·

163 1070 275 1140 ditate
295 1072 477 1164 nobilem)
503 1072 541 1141 in
562 1080 729 1164 promptu
752 1080 807 1141 est
827 1073 958 1153 videre,
979 1093 1088 1162 quom
1108 1069 1208 1139 nihili

162 1184 207 1254 ab
225 1207 267 1255 eo
293 1187 338 1255 sit
363 1188 537 1275 aestimetu
561 1187 675 1256 omnio
699 1185 762 1256 illo
783 1185 1071 1255 turbulentorum
1096 1184 1208 1270 horni-

161 1321 248 1368 num
265 1303 372 1370 natio.

213 1413 353 1486 Deinde
387 1417 415 1485 si
450 1414 588 1508 singule
629 1438 820 1507 percurres,
854 1415 982 1506 quibus
1020 1413 1086 1483 ille
1122 1425 1207 1484 aetas

160 1526 301 1621 gloriari
324 1529 479 1599 maxime
503 1528 649 1613 solebat,
666 1529 825 1615 invenies
850 1527 895 1596 ob
917 1525 1089 1607 Homero,
1110 1526 1205 1617 quasi

162 1643 283 1713 dedita
308 1665 423 1737 opere,
444 1643 559 1735 procis
584 1665 627 1712 ea
650 1642 816 1735 denegari
843 1641 970 1722 omniu,
994 1638 1204 1713 Telemacho

162 1780 243 1827 oum
262 1759 332 1828 suis
349 1758 482 1828 eximio
498 1759 604 1827 modo
622 1756 741 1840 tribui.

212 1870 326 1953 Quale
343 1881 398 1941 est
414 1871 514 1954 illud,
532 1873 625 1962 quod
643 1872 680 1939 in
697 1869 894 1961 hospitibus
916 1868 1138 1961 excipiendis
1154 1868 1201 1938 illi

161 2007 233 2054 non
266 1987 373 2055 modo
407 1985 680 2079 negligentiores
714 1984 908 2064 extiterint,
938 2006 1065 2053 verum
1100 1986 1200 2054 etiem

159 2099 332 2170 immanes
348 2124 389 2170 eo
406 2101 511 2194 plane
528 2100 677 2171 barbari.
729 2099 773 2170 Id
791 2100 884 2191 quod
907 2122 1034 2192 parum
1060 2101 1199 2169 obscuro

161 2215 375 2298 manifestet,
403 2216 479 2306 ipso
510 2237 650 2307 quoque
684 2215 848 2285 carminis
880 2215 995 2295 initio,
1032 2213 1197 2284 Minerro

162 2329 329 2400 Mentem
370 2329 569 2401 simulantis
608 2331 774 2400 introitus
815 2331 852 2399 in
893 2331 1029 2423 regiam
1069 2328 1195 2421 Ulyssis

161 2445 339 2516 domumss.

299 2580 345 2648 τὴν
357 2581 385 2634 δέ
397 2580 465 2634 πολὺ
476 2586 578 2651 πρῶτος
588 2579 628 2634 'lte
640 2579 791 2650 Τηλέμαχος
802 2578 923 2647 θεοειδής.

299 2665 366 2735 ήστο
377 2668 429 2737 γάρ
441 2667 468 2721 έν
479 2670 626 2738 μνηστῆρσι
639 2667 720 2737 φίλον
731 2665 875 2734 τετιημένος
886 2665 958 2736 ἦτορ,

230 2794 234 2803 ,
299 2753 444 2823 ὀσσόμενος
454 2752 541 2823 πατέρ’
555 2753 652 2807 ε’σθλὸν
664 2752 700 2806 ένὶ
712 2752 810 2822 φρεσὶν
811 2791 916 2814 .......

298 2839 331 2892 τά
342 2837 466 2910 φρονέων,
479 2841 626 2908 μνηστῆρσι
637 2836 785 2907 μεθήμενος,
798 2835 872 2892 εἴσιδ’
883 2835 1002 2905 Ἀθήνην.

297 2927 333 2994 βῆ
345 2924 367 2979 δ’
380 2925 435 2981 ἰθύς
445 2923 595 2995 προθύροιο,
608 2921 755 2993 νεμεσσήθη
767 2923 790 2977 δ’
803 2923 840 2977 ε’νλ
852 2921 924 2996 θύμῳ

298 3011 381 3078 ξεῖνον
393 3010 458 3080 δηθά
470 3009 580 3081 θύρῃσιν
591 3008 746 3080 ἐφεστάμεν·
766 3008 855 3079 ε’γγύθι
867 3011 896 3063 δέ
908 3010 974 3066 στάς

296 3095 362 3166 χεῖρ’
373 3095 421 3149 ἕλε
433 3095 571 3166 δεξιτέρην,
585 3096 626 3148 καὶ
639 3094 744 3164 ἐδέξατο
755 3094 867 3165 χάλκεον
877 3092 964 3166 έγχος,

297 3180 340 3233 καί
350 3202 394 3248 μιν
405 3179 529 3250 φωνήσας
538 3177 604 3233 έπεα
615 3180 754 3250 πτερόεντα
765 3178 909 3248 προσηύδα·

296 3269 380 3335 χαῖρε,
393 3269 467 3336 ξεῖνε,
480 3265 540 3336 παρ’
553 3266 616 3335 ὔμμι
628 3265 762 3336 φιλήσεαι·
781 3267 861 3336 αὐτὰρ
872 3264 961 3322 ἔπειτα

297 3351 400 3408 δείπνου
411 3352 561 3421 πασάμενος
571 3350 707 3421 μυθήσεαι,
717 3351 791 3406 ὅττεό
803 3373 836 3406 σε
847 3350 907 3421 χρή·

297 3437 330 3491 ὣς
342 3436 419 3492 εἶπων
430 3436 519 3508 ἡγεῖθ’
538 3438 553 3507 ἡ
567 3437 588 3491 δ’
602 3437 698 3492 ἕσπετο
710 3438 820 3492 Παλλὰς
830 3437 933 3506 Ἀθήνη·

206 3524 207 3527 ’
296 3524 321 3575 οἱ
333 3522 354 3576 δ’
368 3521 411 3577 ὅτε
423 3523 454 3592 δή
466 3523 489 3596 ῥ’
499 3521 624 3579 ἔντοσθεν
633 3521 699 3577 έσαν
711 3525 791 3593 δόμου
802 3524 927 3594 ὑψηλοῖο,

295 3605 374 3678 έγχος
385 3610 432 3677 μέν
443 3609 466 3680 ῥ’
478 3607 577 3679 ἔστησε
588 3609 677 3680 φέρων
687 3612 753 3680 πρὸς
764 3609 834 3665 κίονα
846 3609 952 3680 μακρήν,

296 3695 452 3764 δουροδόκης
460 3692 585 3761 ἔντοσθεν
596 3696 695 3770 ε’ὕξόου,
707 3693 769 3754 ἔνθα
779 3718 829 3768 περ
841 3696 911 3751 ἄλλα

295 3776 364 3850 ἔγχε’
376 3779 523 3849 Ὀδυσσῆος
533 3781 729 3853 ταλασίφρονος
740 3780 833 3837 ἵστατο
844 3782 939 3837 πολλά.

156 3939 366 4031 Opportune
392 3966 475 4030 sane
499 3951 716 4013 memoretur
739 3946 848 4013 etiam
874 3945 984 4027 locus,
1001 3947 1063 4016 ubi
1085 3969 1189 4017 servs·

155 4055 286 4136 bantur
324 4057 479 4128 absentis
519 4056 652 4128 Herois
685 4061 845 4144 exuviae3
887 4083 934 4131 ne
971 4086 1042 4133 non
1080 4063 1190 4135 omnis

584 4298 595 4333 ¹
614 4289 668 4359 Od.
681 4291 698 4344 i.
716 4307 774 4360 ιαμ
