2738 4866
221 343 287 408 848
351 341 1039 430 ddummpmdamdoymrctmmoa,
1099 366 1267 409 πωπω.

221 518 268 588 ab
297 539 341 587 eo
373 517 449 610 geri
481 515 539 586 vel
572 517 770 587 carentium
803 517 964 602 ratione.;
1004 540 1055 588 ne
1085 518 1269 589 minimam

221 631 365 723 quidem
388 631 564 701 aviculam
588 631 626 701 in
649 638 780 702 terram
797 647 900 724 posse
920 632 1060 714 eadere,
1082 633 1198 704 invito
1215 633 1269 704 vel

220 747 393 816 insciente
432 745 603 815 Numine.
654 745 778 838 Atque
813 747 880 818 hac
913 770 985 817 una
1022 771 1062 818 re
1096 756 1268 840 quantum

220 861 414 951 majestatis
436 862 582 932 accedat
598 861 644 932 ad
662 884 705 932 ea
721 885 802 954 quae
819 863 930 933 oculis
955 864 1145 946 cernimus,
1164 886 1266 932 nemo

219 984 284 1059 est,
315 976 400 1069 quin
433 975 563 1058 videat,
592 971 695 1046 nobis
719 978 931 1048 tacentibus.
992 977 1099 1061 Quod
1126 979 1156 1047 ei
1179 978 1265 1048 acci·

218 1098 349 1189 pitrem
374 1097 432 1167 vel
457 1096 674 1179 leunculum,
701 1097 746 1168 ab
772 1096 932 1168 Homero
952 1098 1170 1193 AEschylove
1194 1099 1266 1168 lau-

219 1213 356 1295 datum,
390 1235 473 1283 cum
514 1213 648 1283 honore
682 1213 836 1303 quodam
869 1215 1115 1305 prosequimur
1124 1237 1141 1298 ,3
1184 1214 1264 1306 quid

219 1330 370 1399 censetis
387 1352 439 1412 ea,
458 1351 539 1421 quae
557 1328 686 1398 cecinit
704 1351 775 1398 vox
793 1351 875 1399 vere
894 1328 1061 1400 divinam

394 1463 456 1518 ἔθου
468 1464 563 1520 σκότοτ
574 1463 616 1517 καὶ
628 1463 730 1533 ἐγένετο
742 1463 797 1531 νὺξ,

393 1548 421 1602 ε’ν
432 1549 495 1616 αὐτῇ
508 1547 685 1603 διελεύσοντοι
697 1549 781 1603 πάντα
792 1549 824 1602 τὰ
836 1547 912 1618 θῆρια
923 1553 969 1604 τοῦ
981 1550 1090 1621 δρυμοῦ·

393 1633 501 1704 σκῦμνοι
513 1634 653 1704 ὦρυορένοι
664 1638 711 1688 τοῦ
722 1634 849 1705 ἁρπάσαι,

393 1720 435 1773 καὶ
447 1720 554 1787 ζητῆσαι
565 1719 635 1789 παρὰ
647 1722 694 1772 τοῦ
706 1719 767 1773 θεοῦ
778 1722 880 1788 βρῶσιν
890 1719 983 1774 αὐτῶν.

391 1803 522 1858 ἀνέτειλαν
534 1806 549 1856 d
560 1804 635 1873 τ’ίλιος
646 1804 688 1856 καὶ
701 1802 919 1875 συναχθήσονται,

392 1891 434 1944 καὶ
446 1890 473 1943 ε’ν
485 1893 541 1946 τοῖς
552 1890 674 1958 μάνδραις
685 1890 769 1944 αὐτῶν
781 1889 1004 1959 κοιτασθὴσονται.

391 1973 557 2042 ἐξελεύσεται
569 1975 703 2046 ἅνθρωπος
715 1975 758 2029 ε’πὶ
770 1976 800 2029 τὸ
812 1976 889 2046 ἔργον
900 1976 987 2039 αὐτοῦ,

392 2063 434 2115 καὶ
445 2061 488 2116 ἐπὶ
499 2061 546 2129 τὴν
557 2062 682 2133 ε’ργοσίαν
693 2063 772 2116 αὐτοῦ
784 2061 831 2116 ἕως
842 2061 963 2132 ἑσπέρας.

216 2175 407 2248 Videtisne
433 2199 505 2245 non
532 2177 608 2245 sine
631 2175 712 2246 Deo
737 2177 825 2259 fieri,
851 2183 893 2244 ut
914 2197 996 2245 cum
1021 2175 1157 2246 diurnis
1177 2176 1264 2246 fera·

139 2290 145 2308 ’
215 2314 294 2360 rum
318 2313 459 2382 quoque
486 2290 601 2382 epulis
627 2291 828 2381 somnisque
855 2290 944 2359 mire
967 2290 1182 2360 conveniant
1207 2289 1263 2361 vel

214 2406 378 2476 maximae
404 2405 542 2475 orbium
573 2404 770 2475 coelestium
800 2403 1069 2487 conversiones?
1110 2403 1263 2475 Proinde

214 2519 380 2590 animalia
406 2518 545 2611 singula
571 2541 675 2589 suum
703 2517 822 2588 locum
853 2527 975 2588 tenere
1004 2520 1042 2587 in
1069 2518 1260 2611 multiplici

213 2657 331 2704 rerum
355 2634 485 2715 chor03
523 2634 692 2702 immania
709 2641 747 2702 et
764 2634 885 2703 odiosa
905 2634 943 2702 in
959 2655 1068 2702 manu
1085 2633 1158 2702 Dei
1175 2655 1260 2716 esse,

214 2772 329 2840 neque
357 2749 411 2818 Eo
441 2749 666 2840 imprudente
697 2748 885 2840 quicquam
916 2748 1018 2818 nobis
1048 2750 1259 2830 nociturum,

212 2887 328 2955 neque
355 2887 418 2956 per
450 2886 497 2945 se,
531 2885 648 2954 neque
676 2887 741 2955 per
769 2865 891 2956 genios
918 2864 1103 2958 malignoa
1136 2864 1260 2956 quibus

212 3001 255 3047 ea
271 2980 418 3049 fortasse
435 3002 687 3070 nonnunquam
705 2980 909 3050 inserviunt.

262 3093 378 3163 Immo
395 3096 509 3185 majus
526 3093 657 3184 aliquid
675 3116 716 3164 ac
734 3096 897 3176 sanctius,
916 3096 951 3162 ni
970 3093 1082 3175 fallor,
1102 3095 1258 3164 indicant

210 3208 311 3278 nobis
345 3210 574 3279 sanctissimae
605 3209 746 3278 Chartae
775 3211 819 3278 de
853 3210 1015 3278 universo
1048 3232 1180 3301 genere
1210 3210 1258 3277 vi-

210 3325 381 3391 ventium.
433 3322 632 3393 Didicimus
659 3325 766 3406 enim,
795 3324 930 3415 Spiritu
956 3325 1025 3393 oris
1051 3323 1133 3406 Dei,
1165 3345 1256 3392 nunc

209 3438 336 3507 emisso
356 3461 451 3509 nunc
469 3438 567 3528 quasi
591 3448 753 3520 retractu,
775 3439 925 3509 deficere
946 3447 983 3509 et
1007 3440 1159 3510 recreari
1186 3439 1256 3509 ani-

209 3552 334 3624 malia:
369 3555 501 3645 quippe
519 3555 563 3623 de
581 3554 709 3644 quibus
727 3555 875 3636 dicatur,

381 3689 529 3745 ἆντανελεῖε
540 3691 570 3743 τὸ
582 3693 681 3758 πνεῦμα
693 3689 783 3752 αὐτῶν,
797 3689 838 3742 καὶ
851 3688 1007 3759 ἔκλείψουσι
1039 3725 1041 3728 >

383 3777 424 3829 καὶ
436 3776 473 3831 εἷς
484 3777 529 3830 τὸν
540 3778 605 3846 χοῦν
617 3776 700 3830 αὐτῶν
712 3775 928 3845 ἐπιστρέφουσιν·

381 3863 565 3932 ἐξαποστελεῖς
577 3865 606 3918 τὸ
619 3863 724 3932 Πνεῦμθ
737 3884 795 3925 σου,
808 3862 849 3915 καὶ
862 3860 1056 3930 κτισθήσονται·

381 3951 422 4002 καὶ
433 3949 584 4005 θνακαινιεῖς
595 3951 625 4003 τὸ
637 3951 781 4018 πρόσωπον
792 3951 837 4016 τῆς
849 3951 905 4018 γῆς.

205 4061 344 4130 Clamat
361 4060 492 4153 alioqui
511 4061 625 4133 Vates
643 4084 751 4141 sacer,

378 4197 526 4267 ἀνθρώπους
538 4198 578 4252 καὶ
591 4196 668 4266 κτήνη
680 4200 786 4260 σώσεις,
800 4195 888 4267 Κύριε.

608 4329 618 4360 ⁹
636 4321 726 4374 Psalm
738 4319 788 4375 civ.
802 4335 846 4374 20.
