2738 4866
162 319 227 381 128
385 317 515 380 Emonia
529 318 690 381 warensis
703 315 799 380 torbae
813 317 982 402 desompb'o.
1058 341 1151 382 rann.
1164 342 1202 383 ur.

162 509 241 556 eam
264 487 410 557 confuso
433 487 551 556 sonitu
570 487 767 568 verborum,
788 510 952 579 ooecoque
974 487 1131 557 militum
1152 512 1203 557 ru-

162 603 299 672 entium
322 603 458 694 impetu
476 602 612 672 confici.
665 600 765 671 Nihil
783 602 909 672 elarius
932 626 974 673 ea
997 605 1202 684 narratione,

160 719 257 809 quod
283 719 327 788 ad
354 718 512 789 ordinem
535 719 676 800 attinet,
699 740 902 811 nexumque
928 720 1096 810 partium,
1122 718 1203 787 nihil

160 836 307 904 memini
331 858 390 904 me
416 834 542 928 legisse
567 834 781 916 accuratius3
812 835 917 904 credo
944 834 1112 926 equidem
1136 857 1202 904 non

160 950 275 1019 multa
298 958 446 1032 exstare,
469 973 549 1041 quae
573 951 714 1042 propius
740 952 784 1021 ad
812 951 986 1022 Naturam
1014 974 1205 1043 verumque

159 1067 341 1136 accedant.

228 1179 398 1261 Primum,
429 1189 470 1250 ut
504 1203 588 1272 apes
617 1180 766 1274 singulae
800 1203 934 1272 specus,
968 1183 1021 1251 ita
1053 1184 1204 1252 tentoria

159 1295 289 1388 singuli
315 1295 480 1386 linquunt
505 1296 656 1366 milites:
690 1318 842 1386 quorum
866 1297 967 1387 quasi
997 1298 1203 1367 continuum

160 1410 307 1502 lapsum,
326 1413 382 1482 vel
399 1414 517 1506 pueris
540 1420 676 1494 notum,
693 1413 828 1503 optime
849 1411 1011 1506 depingit
1027 1412 1129 1493 illud,
1147 1413 1203 1482 αἰεὶ

160 1523 229 1596 vedu
253 1528 465 1623 ἐρχομενάων.
519 1527 658 1598 Deinde
681 1551 753 1596 non
774 1550 847 1611 uuo
864 1527 1109 1620 glomerantur
1126 1552 1205 1598 exa

160 1646 269 1728 mine,
296 1645 358 1714 sed
392 1644 481 1714 laxis
515 1645 613 1734 quasi
647 1643 846 1736 agminibus
879 1644 1061 1725 incedunt,
1093 1641 1205 1713 ἰλαδὸν

158 1761 202 1835 εἷς
219 1759 355 1856 ἀγορήν,
369 1759 668 1851 quemadmodum
685 1779 768 1850 apes
785 1754 959 1851 βοτρυδὸν,
976 1780 1041 1826 suo
1058 1759 1205 1850 quisque

159 1875 312 1954 tramite,
347 1883 389 1944 ut
418 1877 470 1957 fit,
502 1883 627 1966 aperto
660 1882 767 1964 atque
800 1875 896 1942 nudo
931 1872 1045 1944 litore.
1113 1873 1204 1944 lllud

158 1997 291 2070 autem,
309 1987 412 2070 ἤΐονος
428 1984 638 2085 προπάροιθε
658 1988 799 2074 βαθείης,
817 1989 910 2079 ipsos
925 2010 1070 2079 quoque
1086 1989 1205 2059 oeulos

160 2105 301 2175 videtur
322 2106 435 2186 ferire,
454 2104 711 2188 transeuntium
736 2103 849 2174 forma
872 2113 910 2174 et
932 2105 1093 2187 incessu3
1119 2127 1204 2197 quos

159 2229 329 2312 tanquam
346 2246 368 2291 e
384 2231 477 2291 terra
494 2228 652 2312 spectare
669 2242 707 2288 se
722 2219 826 2312 fingit
840 2219 961 2302 Poeta,
979 2221 1204 2313 interpositos

160 2337 327 2407 videlicet
355 2339 449 2407 inter
479 2360 514 2406 se
549 2345 586 2404 et
616 2335 830 2426 profundum
860 2334 961 2404 illum
991 2339 1140 2427 aequoris
1169 2347 1204 2407 et

159 2453 240 2523 eoeli
263 2477 480 2536 concursum,
507 2454 581 2522 sive
607 2453 663 2543 (ut
684 2475 768 2521 oum
788 2453 864 2544 ipso
890 2452 1091 2544 loquamur)
1117 2452 1203 2534 ἡΐονα

158 2570 306 2655 βαθεῖαν.
359 2571 457 2639 Num
484 2570 600 2661 potuit
624 2569 818 2659 quidquam
850 2568 999 2637 describi
1029 2570 1179 2639 vividius
1190 2569 1208 2643 l.

158 2695 197 2755 et
219 2695 339 2756 tamen
362 2688 525 2757 dubitant
548 2686 711 2754 homines
732 2707 778 2753 an
796 2684 974 2753 veteribus
997 2684 1067 2754 illis
1086 2684 1203 2755 Poetis

158 2845 210 2857 -
223 2801 397 2881 dubitant,
425 2803 580 2894 inquam,
606 2824 651 2870 an
680 2801 746 2893 ipsi
779 2801 938 2869 Homero
966 2801 1057 2870 bene
1084 2802 1203 2894 depin-

158 2919 266 3008 gendi
286 2917 427 2987 laudem
449 2917 625 2988 tribuant!
667 2916 739 2987 Sed
758 2917 802 2985 de
825 2939 867 2985 ea
890 2939 928 2985 re
945 2915 1099 2986 viderint
1120 2918 1202 3008 ipsi:

158 3033 341 3103 nobiseum
360 3034 493 3102 faciunt
510 3033 545 3101 hi
565 3057 695 3114 versus,
709 3033 802 3124 quod
822 3040 859 3101 et
876 3031 1057 3101 oculatum
1075 3040 1202 3102 testem

158 3146 349 3230 declarant,
369 3157 408 3217 et
434 3171 514 3217 cum
539 3171 660 3218 amore
681 3150 833 3238 quodam
856 3146 1064 3239 simpliciter
1087 3149 1124 3217 in
1151 3170 1202 3217 res

159 3262 329 3332 militares
346 3264 534 3333 intentum.

209 3376 416 3469 Sequuntur
431 3379 618 3471 magnifiee
635 3402 737 3450 sane:

442 3557 585 3571 ......
604 3520 668 3587 μετὰ
680 3518 711 3572 δέ
721 3517 918 3590 σφισινὍσσα
930 3519 1012 3587 δεδήει

334 3603 467 3672 ὄτρῦνουσ’
480 3603 552 3668 ἴεναι,
566 3607 626 3660 Διὸς
638 3606 748 3676 ἅγγελος
767 3646 773 3658 .
795 3645 801 3659 .
822 3646 828 3659 .
850 3646 855 3658 .
876 3647 882 3658 .
904 3646 910 3659 .
1059 3603 1062 3609 ’

157 3727 292 3796 Cavete
339 3734 459 3796 autem
503 3727 723 3810 existimetis,
766 3727 834 3797 hoe
877 3752 960 3798 eum
1001 3730 1201 3800 adhibuisse

156 3841 304 3911 ornandi
328 3849 469 3911 tantum
494 3842 625 3934 gratia:
653 3842 764 3933 qualis
781 3843 892 3913 ferme
918 3852 972 3913 est
991 3843 1202 3914 Critieorum

158 3955 340 4026 hominum
384 3958 569 4040 sententia,
604 3959 632 4026 si
675 3960 816 4048 quando
858 3968 985 4028 tenues
1027 3982 1083 4028 res
1123 3982 1201 4029 cum

156 4072 276 4140 souitu
310 4081 346 4141 et
381 4073 545 4166 ampullis
585 4073 789 4143 efferuntur.
859 4074 911 4145 Ut
955 4076 1071 4145 dioam
1110 4075 1202 4167 quod

158 4200 243 4255 vere
264 4188 432 4257 seutiam:
459 4191 519 4279 qui
543 4190 580 4258 in
603 4191 798 4261 istiusmodi
817 4200 1026 4285 argumento
1045 4202 1200 4262 mentem

158 4299 279 4369 Poeta
313 4301 390 4370 vult
429 4307 576 4395 assequi,
611 4316 715 4377 erunt
753 4309 784 4378 ei
820 4316 936 4400 partes
970 4309 1201 4400 suscipiendae
