2738 4866
154 348 251 401 rann.
264 347 299 386 11.
318 325 494 408 prasertim
508 344 675 398 sacrorum
691 333 719 386 ct
733 326 863 387 marimo
875 323 1111 408 sepulchrorum.
1164 329 1205 390 al

198 488 314 571 Quid,
333 488 427 578 quod
446 510 568 556 omnes
589 489 638 557 ad
661 511 768 557 unam
792 486 949 567 coloniae,
967 509 1046 577 quae
1063 487 1206 581 quidem

156 605 193 681 in
217 625 328 672 vacua
352 603 526 684 venerint,
544 601 720 685 villarum,
741 603 896 684 urbium,
914 601 1103 671 fluviorum
1126 625 1207 672 cara

156 726 264 810 atque
297 726 383 786 uota
420 719 564 786 nomina
599 718 644 786 de
682 718 796 808 patria
828 739 955 786 secum
988 717 1208 808 ‚deportanda

157 833 307 903 curant?
359 832 464 915 Quod
488 856 510 900 a
526 831 757 900 Dorieusibus
782 831 819 898 in
846 829 1207 916 Siciliafactitatum,

157 971 252 1022 nunc
270 970 422 1037 quoque,
441 955 521 1036 post
549 955 605 1016 ter
627 944 725 1015 mille
746 967 867 1027 annos,
889 969 911 1014 a
932 947 1149 1015 nostratibus
1170 948 1207 1016 in

159 1061 266 1130 Novo
282 1061 401 1152 (quem
419 1064 561 1151 vocant)
575 1059 671 1130 Orbe
684 1083 788 1151 quam
804 1059 1065 1151 religiosissime
1079 1061 1208 1130 servari

157 1178 332 1246 audimus.

208 1292 336 1362 Dicam
367 1294 520 1385 denique
554 1293 650 1383 quod
680 1293 840 1361 omnium
871 1300 925 1361 est
952 1291 1208 1384 gravissimum,

157 1408 232 1477 sive
257 1396 303 1476 ad
326 1408 485 1477 locorum
509 1408 732 1488 desiderium,
761 1408 835 1476 sive
860 1407 905 1477 ad
933 1408 1005 1476 vim
1031 1409 1208 1498 quandam

159 1521 312 1592 Poeseos
329 1524 485 1592 nativam
500 1531 607 1614 atque
625 1524 822 1616 ingenitam
834 1531 982 1614 spectes.
1032 1522 1134 1591 Nihil
1153 1530 1208 1592 est

158 1639 388 1728 quodacrius
409 1632 577 1707 sollicitet
602 1637 779 1728 simplices
805 1637 990 1709 hominum
1014 1639 1208 1731 agrestium

157 1753 303 1835 animos,
322 1777 428 1845 quam
446 1762 487 1822 ut
501 1755 620 1822 omnia
636 1751 713 1837 sibi,
731 1754 805 1823 vita
821 1753 962 1832 functis,
981 1760 1080 1822 recte
1101 1760 1209 1843 atque

158 1870 282 1937 ordine
299 1870 408 1951 fiant3
431 1877 474 1937 ut
490 1870 526 1936 in
545 1868 620 1938 solo
638 1867 758 1948 natali,
772 1870 866 1937 iuter
880 1877 1018 1959 patrum
1034 1867 1209 1959 reliquias,

160 1992 245 2054 noto
262 1993 406 2054 sacratae
424 1985 516 2054 sedis
534 1984 675 2076 angulo,
694 1991 813 2052 tutum
832 1983 1113 2075 inviolatumque
1137 2005 1212 2052 cor·

159 2124 225 2191 pus
260 2102 428 2191 quiescat.
499 2099 629 2191 Neque
665 2122 747 2168 vero
786 2099 998 2189 exquisitam
1033 2100 1210 2189 quandam

161 2217 373 2306 opinionem,
408 2223 471 2284 aut
505 2215 626 2305 paucis
667 2214 773 2281 modo
808 2204 986 2305 cognitam
1021 2237 1210 2283 narramus.

161 2331 428 2400 Recenseantur
461 2352 584 2399 omnes
614 2331 785 2420 cujusque
816 2330 897 2421 pagi
932 2329 1116 2422 agricolae3
1151 2331 1212 2398 vix

160 2467 270 2513 unum
295 2452 405 2535 atque
429 2444 581 2513 alterum
609 2442 803 2532 reperietis,
822 2445 898 2533 (qui
924 2444 1033 2512 modo
1057 2444 1144 2534 quid
1168 2443 1213 2512 de

159 2581 197 2627 se
210 2559 373 2628 futurum
392 2560 437 2628 sit
455 2559 545 2628 serio
563 2557 753 2648 aliquando
771 2559 889 2626 animo
903 2559 1052 2650 cogitet)
1067 2559 1126 2648 qui
1141 2581 1212 2627 non

160 2673 334 2763 ejusmodi
352 2695 413 2763 spe
435 2680 658 2742 senectutem
677 2688 776 2740 suam
796 2681 1064 2764 egestatemque
1082 2673 1213 2740 foveat.

211 2786 269 2856 Ac
299 2787 420 2870 nolite,
447 2811 574 2878 quaeso,
604 2795 739 2878 putare,
762 2785 980 2868 Academici,
1010 2809 1108 2856 mera
1137 2809 1213 2856 esse

159 2902 229 2972 ista
252 2895 478 2972 delirantium
506 2904 661 2972 somnia:
689 2903 786 2993 quasi
811 2925 893 2971 vero
917 2904 1063 2972 credant
1091 2902 1213 2977 insulsi

161 3018 332 3099 homines,
350 3040 491 3087 sensum
516 3019 635 3086 nescio
653 3039 759 3108 quem
777 3018 812 3085 iu
832 3040 979 3109 corpore
997 3018 1054 3088 vel
1071 3028 1212 3089 mortuo

162 3133 293 3202 doloris
323 3141 385 3202 aut
413 3132 616 3224 ignominiae
644 3146 859 3201 mansurum.
918 3132 1004 3202 Non
1035 3135 1103 3204 ista
1130 3143 1213 3204 sunt

162 3250 372 3318 rusticorum
395 3249 504 3317 animi
526 3269 641 3338 neque
659 3248 858 3339 ignorantia
880 3271 996 3340 neque
1016 3249 1215 3340 impietate.

163 3363 302 3434 Verum
335 3363 527 3432 morientes
556 3361 747 3430 immortali
783 3384 902 3431 amore
932 3363 1028 3434 locos
1054 3365 1147 3455 ipsos
1174 3387 1213 3433 se

161 3476 325 3570 prosequi
355 3483 543 3559 testantur,
562 3498 649 3568 quos
678 3477 717 3544 in
746 3477 843 3545 omui
871 3479 946 3547 vita
974 3502 1045 3570 prae
1073 3480 1212 3549 caeteris

161 3593 351 3662 honoratos
367 3600 475 3683 atque
493 3614 591 3660 caros
608 3590 818 3659 habuerunt.
871 3590 945 3661 Ubi
963 3615 1044 3661 cum
1063 3594 1214 3662 viventi-

161 3709 228 3778 bus
255 3708 376 3777 amicis
403 3707 482 3776 Deo
506 3707 667 3789 litabant,
695 3707 757 3777 ubi
783 3707 857 3776 fato
884 3708 1016 3777 functis
1044 3706 1214 3776 ultimum

162 3823 417 3904 valedixerunt,
435 3823 485 3892 ibi
502 3844 565 3892 sua
581 3845 722 3913 quoque
740 3844 827 3904 ossa,
846 3831 1018 3913 quantum
1038 3823 1073 3889 in
1093 3845 1131 3891 se
1150 3831 1216 3904 est,

162 3937 304 4008 recondi
323 3936 459 4006 volunt.
512 3936 595 4005 Hoc
613 3945 811 4006 extremum
832 3945 940 4027 atque
958 3937 1046 4005 adeo
1069 3937 1216 4006 sanctis-

162 4052 291 4122 simum
319 4053 470 4143 pietatis,
497 4053 715 4133 reverentiae,
743 4053 906 4122 desiderii
937 4054 1213 4134 documentum3

162 4167 230 4238 hoc
247 4168 329 4261 aegri
348 4166 592 4259 qualecunque
609 4168 739 4236 amoris
756 4165 912 4236 solamen
926 4190 935 4248 ;
961 4167 1029 4236 hoc
1040 4171 1215 4238 memoris

163 4283 271 4352 animi
299 4284 544 4352 testimonium
576 4280 725 4351 Summo
754 4281 906 4350 Numini
936 4305 1007 4351 nou
1036 4283 1214 4376 ingratum

164 4418 202 4466 se
217 4398 323 4470 edere
340 4404 481 4489 putant,
498 4404 640 4489 sperant
658 4397 800 4489 quidem
819 4404 926 4466 certe.
1068 4403 1070 4407 ‘
