2738 4866
157 343 311 388 aaranm.
359 323 489 398 Pocscos,
504 333 538 387 at
551 325 723 406 effictorem,
738 325 809 388 doc
823 336 893 390 saort
906 329 1023 411 specics.
1168 333 1210 397 75

160 485 369 556 Lucretiani
406 485 478 568 isti,
513 483 623 576 (quod
662 484 807 576 quidem
842 486 1031 559 Aristoteli
1068 491 1210 562 videtur

159 602 359 693 placuisse)
395 601 433 669 in
471 608 588 692 partes
622 601 803 691 quasdam,
840 626 879 672 re
917 605 993 695 ipsa
1028 616 1208 692 monente,

159 717 412 786 distribuamus
428 715 536 784 hodie
553 714 806 785 Primariorum
824 717 1016 788 Poetarum
1039 721 1207 794 chorum:

159 832 261 922 cujus
287 830 544 902 distributionis
568 830 660 899 ratio
690 831 757 900 erit
787 832 972 923 ejusmodi,
1002 844 1043 904 ut
1072 837 1205 905 nemini

159 955 284 1037 postea
308 945 356 1016 sit
383 945 631 1029 dubitandum,
658 947 744 1036 quin
771 948 818 1016 ab
845 949 964 1017 animo
987 949 1207 1020 inflammato

159 1062 318 1153 potuerit
334 1061 427 1143 oriri,
444 1069 523 1129 turn
540 1060 701 1152 OEldipus,
714 1070 793 1131 tum
805 1063 882 1154 ipsa
899 1063 995 1147 Ilias,
1012 1073 1091 1136 tum
1109 1067 1209 1156 siqua

158 1177 299 1270 longior
314 1183 433 1246 exstat
449 1198 491 1245 ac
507 1175 663 1246 limatior
678 1177 874 1247 carminum
890 1178 1007 1249 series.

186 1399 189 1403 ’
227 1404 395 1477 Diximus
433 1407 568 1497 utique,
603 1404 793 1475 Primarios
829 1405 919 1488 illos,
953 1416 997 1476 et
1037 1416 1206 1499 tanquam

159 1519 368 1616 αὐτόχθονας
400 1521 555 1632 regionis
588 1520 737 1612 poetioae
771 1521 921 1602 Incolae,
956 1545 999 1592 ea
1031 1527 1207 1617 praeoipue

159 1646 246 1707 nota
262 1637 411 1719 definiri,
427 1637 523 1745 quod
540 1636 659 1706 omnia
675 1635 781 1727 pleno
798 1637 917 1707 animo
934 1646 1085 1722 canant;
1111 1639 1206 1731 quod

159 1752 309 1822 affectus
348 1752 446 1843 quasi
484 1751 716 1822 scaturientes
756 1753 952 1822 carminum
990 1776 1068 1843 ope
1096 1749 1207 1825 lenire

158 1867 334 1936 noverint.
385 1866 466 1949 Quo
491 1859 607 1957 posito
632 1874 742 1956 atque
769 1889 946 1950 concesso,
971 1869 1139 1958 sequitur,
1165 1879 1208 1938 ut

158 1990 246 2072 quot
275 1981 472 2071 quibusque
501 1980 690 2072 generibus
717 1981 898 2050 varientur
926 1974 1072 2052 humani
1097 1986 1206 2054 animi

158 2094 317 2176 affectus,
335 2096 459 2163 eadem
478 2117 618 2185 quoque
635 2093 788 2163 Poeseos
805 2102 928 2163 extare
946 2095 1118 2165 dicantur.

208 2209 293 2278 Jam
320 2231 404 2277 vero
434 2207 662 2296 (Quintiliani
697 2208 812 2278 verbis
846 2213 966 2300 utar⁸)
996 2210 1205 2282 Affectuum

159 2324 273 2392 “duae
296 2332 380 2392 sunt
406 2324 562 2415 species:
591 2321 756 2392 Alteram
782 2322 896 2392 Graeci
921 2321 1027 2399 πάθος
1053 2336 1204 2410 vocant3

157 2461 266 2529 quam
289 2460 353 2507 nos
375 2446 473 2507 recte
491 2445 672 2506 vertentes
697 2459 739 2506 ac
761 2438 901 2529 proprie
918 2438 1100 2508 Affectum
1120 2442 1205 2511 dici-

156 2575 257 2622 mus:
284 2551 450 2622 Alteram
475 2552 573 2634 ἧθοςς
599 2553 699 2642 cujus
724 2554 877 2633 nomine,
904 2561 945 2623 ut
970 2577 1037 2646 ego
1060 2557 1204 2645 quidem

157 2669 284 2748 sentio,
315 2675 412 2736 caret
442 2688 557 2736 sermo
582 2666 786 2750 Romanus;
811 2665 934 2737 Mores
959 2668 1204 2760 appellantur3

157 2789 266 2871 atque
308 2781 392 2850 inde
428 2802 508 2872 pars
551 2802 692 2870 quoque
733 2780 795 2849 illa
835 2780 1065 2872 philosophiae
1103 2783 1204 2865 ἠθικὴ,

158 2893 309 2965 Moralis
332 2904 387 2965 est
403 2895 509 2964 diota.
561 2894 745 2964 Cautiores
763 2896 982 2966 voluntatem
1005 2897 1203 2988 complecti,

157 3031 265 3100 quam
276 3010 420 3078 nomina
432 3009 667 3101 interpretari,
679 3009 893 3079 maluerunt.
920 3009 1083 3080 Affectus
1096 3012 1205 3104 igitur

156 3123 222 3193 hos
256 3124 461 3205 concitatos,
490 3123 570 3193 illos
603 3125 670 3192 mit
656 3128 709 3192 tbs
743 3132 851 3214 atque
881 3127 1094 3216 compositos
1128 3150 1205 3197 esse

157 3238 345 3308 dixerunt:
372 3239 409 3306 in
431 3238 544 3306 altera
560 3237 791 3307 vehementer
807 3249 1013 3320 commotos
1031 3240 1067 3307 in
1091 3239 1142 3309 alt
1128 3249 1204 3342 tero

155 3351 274 3422 lenes.
302 3352 454 3443 denique
470 3351 561 3421 hos
551 3374 735 3442 rmperare,
752 3351 832 3422 illos
848 3335 1089 3444 persuadere?

218 3466 353 3549 Quidni
377 3466 498 3557 igitur,
523 3466 598 3556 pari
625 3465 837 3548 discrimine,
859 3466 1038 3558 duplicem
1062 3489 1204 3557 quoque

157 3581 259 3650 nobis
292 3581 550 3649 constituamus
585 3578 739 3650 Poesin?
801 3580 881 3650 Erit
914 3582 1091 3662 nimirum,
1126 3605 1204 3672 quae

156 3696 364 3774 concitatis3
394 3693 473 3774 erit,
494 3715 572 3783 quae
594 3692 786 3762 lenioribus
813 3695 910 3764 hisce
938 3702 975 3764 et
999 3697 1203 3786 compositis

157 3809 343 3878 medeatur
372 3808 567 3878 affectibus.
628 3807 697 3877 Illa
725 3816 958 3891 metuentem,
986 3811 1202 3900 cupientem,

157 3922 349 4005 dolentem,
372 3924 598 4016 gaudentem,
625 3922 701 4014 ipso
729 3923 870 3992 turbine
895 3932 1002 4014 atque
1026 3932 1116 3993 aestu
1140 3931 1202 3993 τοῦ

155 4033 291 4118 πάθους,
308 4045 507 4108 recreatum
530 4059 571 4107 ac
591 4036 749 4107 levatum
766 4039 905 4109 veniet:
933 4037 1025 4109 Haec
1045 4039 1203 4109 indolem

157 4151 351 4222 declarabit
379 4153 497 4234 animi,
531 4152 706 4234 timidam,
740 4153 916 4244 cupidam,
951 4154 1099 4236 tristem,
1129 4153 1204 4225 ala·

611 4297 747 4351 'vina
810 4335 813 4339 -
