2738 4866
151 339 246 381 rann.
258 320 305 383 ιιι.
457 327 521 382 tamo
534 318 571 382 ιίο
585 317 686 381 Ladas
699 315 894 382 militaribus.
1137 318 1201 386 139

329 489 419 543 καλοῖς
429 487 457 541 έν
468 487 605 541 κανέοισιν·
623 485 689 555 ἇτδρ
701 485 763 554 κρέα
775 486 859 555 νεῖμεν
868 482 1015 556 Ἀχιλλεΰι.

329 571 407 629 αι’ντδτ
418 571 441 625 δ’
453 571 540 626 ἀντίον
548 568 600 638 ίζιν
610 570 759 638 Ὀδυσσῆος
770 571 858 633 θείοιο,

330 655 420 726 τοίχου
432 660 479 710 τοῦ
490 656 598 726 ἑτέροιο·
617 656 702 710 θεοῖσι
714 655 743 709 δέ
755 656 834 710 θῦσαι
845 655 937 727 δνίογει

330 743 492 812 Πάτροκλον,
504 740 534 796 δν
546 744 656 812 έταῖρον·
676 740 714 795 ὁδ’
726 741 754 795 έν
764 742 827 810 πυρί
840 742 926 804 βάλλε
937 741 1042 810 θυηλάς.

153 861 243 931 Haec
277 846 411 930 omnia*
425 862 578 931 militem
605 862 769 952 sapiunt:
811 883 927 953 neque
957 862 1002 930 de
1031 863 1073 932 iis
1103 872 1201 933 recte

146 976 309 1067 judicare
334 975 467 1066 poterit
492 975 675 1066 quispiam,
701 977 768 1045 nisi
799 977 860 1066 qui
893 976 975 1044 vitae
1005 979 1201 1059 castrensis,

154 1089 210 1158 vel
235 1090 346 1159 etiam
371 1089 514 1172 navalis,
533 1089 876 1182 (quoniamquidem
894 1113 936 1159 ea
953 1091 1055 1161 nobis
1072 1091 1202 1183 Anglis

152 1205 267 1297 magis
293 1205 331 1273 in
358 1213 525 1296 promptu
550 1213 630 1295 est)
658 1205 832 1273 rationem
859 1202 951 1272 bene
980 1213 1202 1296 perspectam

153 1319 328 1389 babuerit.
853 1339 857 1343 ’

205 1431 375 1501 Proxime
399 1431 445 1501 ab
470 1431 584 1522 epulis
609 1432 757 1500 veniunt
782 1431 877 1502 ludi:
908 1454 1069 1522 quorum,
1095 1442 1137 1503 ut
1164 1441 1202 1504 et

154 1547 363 1629 venationis,
381 1568 424 1616 ea
443 1547 496 1615 vis
522 1553 586 1626 est,
604 1554 646 1614 ut
671 1568 735 1636 per
758 1546 877 1615 omnia
901 1545 987 1615 belli
1012 1555 1050 1616 et
1072 1547 1201 1618 Martis

154 1662 293 1753 insigne
306 1658 684 1750 quoddamexemplar
695 1681 769 1749 prae
787 1659 963 1729 scierant.
990 1659 1063 1730 Sed
1080 1661 1115 1729 in
1133 1663 1202 1730 isto

154 1773 234 1843 loco
261 1797 307 1842 ne
332 1773 465 1842 diutius
490 1794 670 1840 moremur
694 1772 780 1841 facit
806 1771 914 1862 ipsius
939 1773 990 1841 rei
1014 1774 1202 1844 evidentia.

156 1886 251 1955 Illud
278 1887 385 1956 modo
409 1886 693 1955 animadversum
720 1884 847 1966 velim;
873 1887 1002 1954 mirum
1028 1897 1201 1977 quantum

155 2002 193 2069 in
213 2000 281 2070 bac
303 2007 403 2091 parte
420 1998 621 2069 Homerum
641 2000 791 2069 interae
811 1997 1004 2069 Pindarum
1021 2003 1201 2073 interesse.

157 2114 338 2184 Homerus
364 2114 506 2204 quippe,
534 2123 703 2205 tanquam
732 2137 824 2183 unus
853 2114 1079 2198 athletamm,
1108 2140 1202 2187 nuno

155 2228 239 2298 huic
264 2223 359 2298 nunc
384 2228 436 2297 illi
465 2228 649 2298 certamini
677 2228 873 2297 incumbit:
909 2252 992 2299 cum
1018 2231 1203 2321 voluptate

156 2344 311 2433 quodam
336 2351 374 2412 et
404 2344 532 2422 studia,
559 2365 641 2433 quae
666 2343 737 2411 sint
767 2343 912 2434 agenda,
941 2366 1021 2433 quae
1049 2343 1201 2424 vitanda,

155 2459 388 2549 persequitur.
440 2458 584 2538 Contra,
608 2457 771 2539 Pindaro,
794 2480 857 2547 per
880 2465 935 2527 tot
959 2459 1123 2540 carmina,
1142 2458 1202 2527 vix

156 2571 268 2641 semel
293 2581 400 2662 atque
424 2572 554 2641 iterum
586 2570 744 2640 invenies
777 2592 852 2638 rem
876 2571 975 2660 justo
1010 2572 1203 2641 certamine

156 2687 234 2777 agi:
269 2687 354 2777 quin
384 2687 497 2776 primo
528 2707 668 2775 quoque
702 2683 791 2765 loco,
820 2686 1039 2755 occasionem
1066 2694 1203 2766 nactus,

157 2800 264 2892 longe
284 2799 426 2890 lateque
442 2799 552 2892 gestit
568 2821 765 2868 excurrere.
809 2798 914 2880 Quod
932 2800 1044 2868 sicubi
1062 2807 1203 2890 tempus

156 2915 323 2984 adveniet
345 2912 391 2982 de
409 2912 603 2983 Pindaricis
626 2911 710 3002 ipsis
727 2912 929 2993 disserendi,
951 2914 1046 2982 hunc
1074 2913 1202 2995 locum,

157 3036 200 3096 ut
216 3035 351 3117 potero,
369 3034 538 3096 excutere
556 3025 705 3094 decrevi.
758 3025 944 3104 Sedenim
960 3026 1029 3095 boc
1042 3034 1203 3117 tempore

157 3141 377 3232 tangendum
393 3142 573 3231 putabam,
591 3162 674 3208 cum
690 3138 720 3208 is
737 3161 808 3207 non
829 3161 954 3229 parum
977 3141 1022 3208 ad
1045 3139 1203 3209 indolem

159 3254 311 3323 Homeri
328 3253 637 3322 demonstrandam
657 3253 845 3343 pertineat.

208 3367 292 3437 Jam
315 3389 446 3449 currus,
463 3388 584 3457 equos,
602 3384 710 3450 arma,
728 3366 902 3456 reliquum
925 3366 1059 3437 bellicae
1079 3368 1203 3460 gloriae

157 3483 444 3562 instrumentum,
470 3503 542 3548 non
568 3479 644 3549 fieri
674 3463 791 3570 potuit
814 3479 901 3570 quin
926 3483 1045 3573 magni
1071 3483 1203 3558 faceret

157 3595 219 3685 qui
236 3593 362 3663 studiis
379 3593 467 3662 adeo
484 3594 653 3684 impensis
670 3592 715 3660 ad
736 3592 1008 3662 bellum'omnia
1029 3594 1202 3663 retulerit.

158 3705 217 3775 Ao
233 3706 279 3776 de
295 3709 400 3777 armis
415 3708 558 3799 quidem
576 3705 745 3797 palmaria
761 3714 854 3786 sunt,
872 3729 949 3796 quae
966 3707 1096 3776 Thetin
1109 3708 1203 3798 apud

158 3819 311 3891 Achillis
327 3821 480 3891 tentoria
497 3821 598 3890 donis
612 3819 767 3891 Vulcani
785 3829 967 3889 oneratam
984 3820 1202 3912 effingunt⁶z

336 4000 449 4019 .......
453 3963 663 4018 ·.........θεὰ
675 3963 738 4015 κατὰ
749 3961 832 4032 τείχε’
845 3962 934 4030 έθηκεν
950 3974 965 4031 ᾗ

332 4049 449 4120 πρόσθεν
460 4048 608 4118 Ἀχιλλῆος·
630 4049 663 4101 τὰ
674 4045 697 4100 δ’
709 4046 837 4117 ἀνέβραχε
849 4047 959 4102 δαίδαλα
968 4047 1061 4101 πάντα.

589 4269 602 4298 ⁰
616 4260 647 4314 ll.
661 4260 714 4314 xix.
731 4276 771 4314 12.
