2738 4866
158 336 298 378 1111111.
367 316 513 393 90110011
527 317 567 379 alt
581 316 615 377 in
628 315 685 378 buo
697 335 731 378 ra
745 315 913 400 Slckspari
926 318 1015 380 ratio.
1165 323 1208 388 59

162 476 310 557 virtutis,
323 499 402 567 quae
414 478 531 568 specie
543 477 695 566 quadam
713 486 750 546 et
767 478 903 547 fervore
914 481 1086 568 juvenum
1102 483 1208 552 corda

160 612 385 659 commovere
419 589 545 688 valeat,
581 612 703 659 verum
737 593 845 660 etiam
880 595 1061 663 severioris
1091 595 1206 686 hujus,

160 706 386 786 castimoniae,
404 705 497 786 fidei,
515 706 708 785 industriae,
726 706 893 796 pietatis?
937 706 990 777 Ut
1008 708 1111 778 facile
1129 712 1207 802 quis

159 821 359 913 intelligere
376 822 496 911 possit,
515 843 597 910 quae
621 820 808 910 aliquando
832 822 1074 913 subturpicula
1090 825 1208 895 intex-

158 945 280 1017 untur,
297 937 425 1027 partim
451 934 571 1006 saeculi
593 957 767 1015 essenon
786 935 983 1027 scriptoris3
1009 941 1147 1029 partim,
1165 950 1207 1010 ut

158 1051 275 1119 ebrios
297 1050 482 1120 Laconicis
508 1050 635 1141 pueriS,
657 1057 825 1140 tanquam
852 1050 972 1121 odiosa
998 1076 1039 1122 ac
1063 1055 1207 1125 vitanda

158 1165 318 1255 proponi.
370 1164 469 1255 Ergo
491 1162 593 1232 illum
621 1163 745 1230 virtuti
769 1185 814 1231 ex
839 1164 957 1232 animo
985 1165 1110 1236 favisse
1135 1192 1205 1238 non

158 1287 214 1347 est
237 1301 301 1347 cur
324 1277 547 1347 dubitemus:
574 1299 656 1345 cum
680 1279 872 1368 praesertim
889 1278 1048 1370 plerique
1071 1305 1206 1366 eorum,

157 1393 220 1483 qui
236 1402 323 1462 tunc
350 1393 495 1462 scenicis
513 1391 645 1460 dabant
662 1413 815 1483 operam,
834 1392 871 1459 111
888 1393 956 1462 1111
975 1397 1092 1465 omnia
1109 1400 1205 1468 abire

158 1508 417 1578 consueverint.
469 1504 541 1573 Hic
564 1503 673 1597 igitur
697 1508 772 1596 ejus
798 1507 896 1595 quasi
922 1507 1114 1592 ἀνωμαλίας,
1136 1536 1205 1603 qua

159 1620 349 1691 Primarios
370 1621 506 1711 aliquos
522 1619 637 1688 notari
651 1619 866 1702 dicebamus,
880 1620 1102 1711 splendidum
1121 1648 1204 1695 sane

157 1736 414 1806 documentum
431 1735 640 1826 proferatur.

206 1849 293 1919 Alia
326 1858 381 1919 est
414 1849 556 1918 illorum
590 1849 691 1931 ratio,
716 1851 778 1940 qui
811 1851 938 1931 omnia,
972 1856 1205 1944 repugnantia

157 1986 310 2053 quoque,
327 1965 402 2054 pari
428 1964 557 2045 studio,
575 1964 650 2054 pari
672 1963 852 2046 facilitate,
874 1976 1005 2055 petere,
1029 1990 1203 2057 spemere‚

157 2080 333 2158 omittere,
361 2087 521 2169 repetere
549 2079 730 2148 videntur:
761 2078 865 2170 quale
892 2083 986 2171 apud
1015 2105 1079 2151 nos
1105 2085 1203 2176 inge-

156 2194 255 2262 nium
282 2194 350 2262 fuit
377 2191 483 2280 (absit
512 2193 607 2261 dicto
633 2192 779 2284 invidia)
803 2192 970 2284 Drydeni.
1024 2194 1127 2264 Nulli
1151 2200 1204 2267 vis

155 2309 268 2400 major
285 2316 323 2376 et
340 2308 441 2398 copia
455 2307 662 2389 verborum3
688 2307 777 2375 nulli
794 2310 1048 2378 sententiarum
1063 2311 1204 2380 uberior

155 2444 278 2515 seges3
315 2445 420 2490 nemo
456 2419 592 2517 felicius
627 2444 701 2490 sese
737 2430 886 2504 tentare,
920 2445 1025 2492 nemo
1060 2424 1203 2496 liberius

155 2536 416 2627 quodammodo
433 2543 470 2603 et
488 2535 605 2605 laetius
622 2536 773 2625 spatiari,
788 2559 929 2605 suarum
943 2538 1069 2606 virium
1087 2561 1202 2610 sensu.

156 2650 281 2721 Unum
302 2650 391 2718 illud
409 2649 506 2720 Vate
527 2672 624 2718 sacro
648 2651 939 2741 indignissimum,
957 2654 1051 2743 quod
1073 2655 1123 2722 ita
1143 2678 1203 2744 pa-

155 2789 232 2834 rum
261 2765 327 2834 sibi
353 2774 534 2856 congruat,
558 2773 599 2833 ut
625 2766 803 2835 neminem
829 2789 986 2856 unquam
1012 2791 1058 2835 ex
1085 2770 1202 2838 animo

155 2878 326 2959 laudasse,
356 2879 445 2948 nulli
475 2902 608 2962 earum,
636 2903 722 2970 quas
752 2882 955 2962 cantaverit,
982 2903 1109 2963 rerum,
1138 2884 1204 2951 im-

155 2995 297 3084 pensius
315 3017 398 3063 eum
416 2996 590 3064 studuisse
607 2995 712 3064 dicas.

206 3221 277 3290 Sed
309 3223 346 3290 in
375 3223 430 3291 his
449 3214 605 3295 ⁴fortasse
633 3224 733 3292 nimii
764 3245 895 3292 sumus.
949 3223 1107 3294 Ponatur
1124 3229 1201 3318 jam

155 3335 307 3404 alterum
326 3335 508 3408 Primariae
526 3339 678 3408 Poeseos
694 3339 875 3407 iudicium.
919 3339 1008 3408 Eam
1026 3341 1200 3424 videlicet,

155 3449 191 3516 ni
220 3448 333 3532 fallor,
359 3451 502 3542 propius
535 3452 715 3543 aliquanto
745 3451 923 3521 videbitur
950 3455 1136 3545 attingere,
1160 3467 1201 3525 ut

155 3564 223 3631 erit
240 3564 387 3654 quisque
408 3565 576 3635 novitatis
598 3566 843 3658 negligentior,
860 3567 1046 3658 minusque
1064 3571 1201 3640 curabit

155 3675 254 3758 illud,

421 3779 439 3803 “
451 3775 547 3828 Dicam
559 3775 672 3846 insigne,
684 3792 785 3838 recena,
797 3774 885 3829 adhuc

452 3860 588 3915 Indictum
600 3879 645 3915 ore
657 3861 737 3914 alio.'’

155 4010 253 4093 Quid
273 4013 392 4083 enim?
419 4016 531 4097 otiosi,
549 4040 620 4085 non
637 4015 816 4109 flagrantis
841 4023 895 4084 est
920 4016 1039 4096 animi,
1064 4018 1199 4112 lougin-
1273 4028 1275 4032 ‘

155 4148 225 4214 qua
248 4128 383 4207 sectari,
401 4130 533 4198 usitata
553 4152 726 4221 respuere.
778 4130 896 4212 Quare
922 4131 961 4210 is,
979 4154 1085 4222 quem
1102 4158 1199 4224 quae-

155 4239 275 4320 rimus,
294 4239 406 4310 Poeta
422 4243 557 4312 multus
580 4246 647 4312 erit
664 4245 702 4312 in
718 4244 803 4314 locis
820 4242 899 4323 illis,
916 4247 975 4334 qui
994 4270 1200 4323 communes
