2738 4866
224 311 268 378 66
362 313 520 399 Il'acrnplis
530 312 657 391 decor,
671 313 749 398 qaid
760 315 800 379 eit
814 314 1104 380 mantuanam:
1129 335 1227 383 raas.
1241 333 1270 378 v.

225 481 298 554 Sed
310 483 411 553 abest
422 482 478 553 his
491 483 607 552 οἰκεῖον
624 483 725 566 illud,
738 485 831 575 quod
850 484 887 553 in
899 483 1107 577 Virgilianis
1124 483 1272 555 mirifice

223 597 369 693 placuit.
430 597 523 668 Cum
546 600 642 668 enim
666 607 763 669 totus
793 598 851 669 hic
881 599 980 669 locus
1007 600 1059 671 ita
1085 601 1133 670 sit
1160 608 1272 691 aptus,

223 719 266 780 ut
278 712 366 781 nihil
383 713 507 804 magis,
521 713 567 782 ad
580 713 824 783 mollissimam
837 713 934 783 illam
949 715 1014 783 sub
1032 716 1092 784 dio
1105 714 1272 805 quietem,

223 832 303 894 tum
329 827 528 918 gratissima
558 827 763 917 supervenit
790 825 959 912 clausula,
985 827 1090 896 unice
1119 827 1165 896 ad
1196 847 1273 896 eam

223 963 299 1010 rem
316 953 529 1033 comparata.

275 1054 414 1126 Verum
445 1054 505 1144 (no
539 1077 718 1147 vagemur,
754 1053 942 1126 dulcedine
971 1057 1081 1148 capti)
1115 1055 1274 1124 conferat

225 1168 351 1260 aliquis
381 1169 455 1239 haec
478 1168 631 1262 Virgilii,
664 1169 793 1260 quibus
823 1192 912 1252 snas,
942 1180 985 1242 nt
1017 1170 1102 1251 dixi,
1133 1169 1275 1239 delicias

224 1291 367 1365 tractat,
401 1306 483 1353 oum
518 1284 714 1353 decantatis
748 1284 818 1353 illis
848 1286 892 1353 de
924 1284 1043 1368 Fama,
1073 1285 1119 1355 de
1152 1292 1275 1354 monte

218 1399 345 1481 AEtna,
372 1396 429 1468 de
448 1397 555 1468 Furia
583 1407 689 1467 nocte
720 1400 803 1480 visa,
834 1400 1057 1470 carminibus.
1110 1400 1275 1470 Inveniet

224 1514 397 1608 profecto,
419 1536 506 1604 quas
531 1535 587 1582 res
612 1513 802 1583 verisimile
829 1516 876 1584 sit
898 1513 1048 1585 Poetam
1071 1514 1274 1586 adhibuisse

224 1629 342 1710 moris,
371 1650 443 1697 non
467 1628 577 1697 animi
606 1650 721 1711 causa,
749 1652 808 1699 eas
830 1629 1040 1721 plerumque
1068 1628 1176 1721 longo
1200 1650 1275 1697 ver-

225 1742 352 1814 borum
368 1750 550 1834 apparatu,
560 1743 660 1833 justa
680 1746 769 1813 serie
790 1746 993 1838 imaginum,
1011 1745 1164 1835 exponi:
1190 1766 1275 1834 quas

225 1867 348 1929 autem
381 1859 457 1950 ipse
487 1881 532 1926 ex
565 1858 685 1928 animo
719 1862 896 1942 cecinerit,
926 1883 986 1931 eas
1019 1860 1136 1928 obiter
1169 1860 1275 1929 modo

225 1975 336 2066 tangi,
353 1982 391 2043 et
408 1981 578 2063 tanquam
595 1973 691 2042 aliud
709 1976 856 2066 agendo.

293 2087 425 2179 Neque
459 2110 542 2157 vero
579 2089 734 2158 multum
772 2112 906 2172 vereor,
939 2113 986 2160 ne
1019 2090 1132 2159 vetit-a
1170 2089 1276 2159 licitis

227 2205 371 2296 indigne
394 2204 515 2273 videar
531 2204 691 2285 miscere,
708 2205 737 2273 si
754 2205 854 2274 vobis
876 2205 913 2273 in
933 2206 1001 2275 hoc
1021 2206 1100 2276 loco
1125 2206 1274 2274 audeam

226 2318 346 2388 nobile
388 2340 472 2388 sane
510 2317 715 2409 exemplum
753 2319 921 2409 proferre,
955 2321 999 2389 de
1037 2318 1276 2389 Sacrosanctis

223 2433 476 2525 depromptum
489 2433 638 2514 Literis;
662 2440 793 2502 etcum
808 2435 962 2525 profanis
975 2434 1100 2506 eodem
1114 2441 1276 2524 spectan-

225 2547 322 2617 tibus
339 2570 563 2639 componere.
615 2544 831 2617 Doctissima
854 2550 963 2619 estin
980 2572 1073 2618 nono
1091 2549 1275 2618 Pharsalia

226 2663 271 2732 de
305 2662 527 2754 serpentibus
552 2659 651 2730 Afris
685 2664 849 2744 narratio,
879 2665 938 2754 qui
967 2663 1113 2733 Catonis
1142 2664 1275 2733 milites

217 2777 370 2871 singuli
385 2775 541 2869 singulos
569 2776 706 2844 diverse
735 2799 800 2867 pro
830 2777 901 2847 suis
932 2778 1075 2849 venenis
1104 2779 1275 2848 necarint.

223 2891 340 2961 ¹Nulla
356 2890 480 2982 utique
503 2890 618 2981 aptior
633 2891 810 2972 materies,
828 2891 865 2959 in
882 2914 952 2982 qua
975 2914 1012 2962 se
1028 2893 1146 2982 jactet
1169 2901 1275 2983 atque

218 3007 349 3077 efferat
372 3005 506 3075 Lucani
534 3004 671 3075 facilior
691 3029 799 3096 quam
825 3006 962 3077 felicior
986 3030 1124 3077 manus.
1177 3007 1277 3077 Inter

217 3120 313 3191 alios
330 3120 387 3191 siti
404 3121 617 3189 morientem
636 3119 816 3211 depingit:

366 3231 459 3286 Ebibit
469 3231 611 3285 humorem
623 3230 725 3284 circum
736 3231 826 3284 vitalia
837 3231 929 3285 fusum
1004 3249 1005 3252 ¹

366 3316 461 3379 Pestis,
473 3323 500 3369 et
510 3316 540 3369 in
552 3315 622 3368 sicco
633 3315 754 3386 linguam
765 3323 865 3369 torrere
877 3318 965 3386 palato

366 3399 471 3470 Coepit:
490 3398 608 3453 defessos
620 3400 670 3454 iret
684 3402 731 3471 qui
743 3400 826 3455 sudor
837 3402 866 3456 in
878 3410 952 3456 artus

365 3486 395 3541 N
395 3504 431 3540 on
443 3485 503 3549 fuit,
515 3494 595 3557 atque
606 3487 699 3540 oculos
710 3488 888 3558 lacrymarum
900 3505 968 3541 vena
979 3487 1086 3558 refugit.

365 3572 431 3627 Non
443 3571 525 3626 decus
534 3572 647 3641 imperii,
658 3589 714 3626 non
726 3574 815 3627 moesti
823 3575 886 3645 jura
898 3573 1008 3629 Catonis
1100 3589 1103 3597 ’

367 3657 514 3712 Ardentem
525 3666 634 3711 tenuere
644 3657 742 3722 virum,
755 3659 820 3730 quin
832 3677 955 3729 spargere
967 3660 1044 3730 signa

365 3743 493 3809 Auderet,
504 3744 621 3814 totisque
632 3743 724 3798 fruens
736 3745 884 3816 exquireret
896 3745 967 3815 agris

367 3830 443 3890 Quas
455 3828 581 3900 poscebat
592 3846 674 3900 aquas
688 3830 779 3884 sitiens
791 3832 818 3884 in
833 3831 913 3885 corde
925 3848 1083 3887 venenum..
1095 3871 1123 3885 ..

365 3916 448 3972 Nunc
459 3914 528 3969 redit
539 3913 573 3969 ad
587 3913 687 3984 Syrtes,
700 3924 727 3970 et
738 3915 836 3971 fluctus
848 3917 943 3986 accipit
955 3934 1008 3980 ore,

366 4002 571 4073 AEquoreusque
583 4001 677 4070 placet,
688 4001 736 4055 sed
747 4019 803 4056 non
815 4011 842 4058 et
854 4000 959 4067 sufficit,
972 4003 1080 4059 humor.

366 4087 424 4140 Nec
437 4087 517 4141 sentit
528 4087 628 4158 fatique
639 4105 734 4158 genus,
746 4097 913 4161 mortemque
924 4090 1027 4153 veneni,

368 4170 422 4225 Sed
433 4179 510 4240 putat
521 4189 579 4225 esse
591 4171 672 4236 sitim,
685 4173 807 4244 ferroque
818 4175 918 4244 aperire
929 4182 1062 4230 tumentes

367 4254 501 4310 Sustinuit
511 4272 602 4320 venas,
614 4266 694 4328 atque
706 4275 737 4311 os
749 4259 859 4329 implere
871 4277 964 4315 cruore
971 4269 991 4314 ⁰.

551 4396 561 4421 ²
579 4388 674 4445 Pharo.
688 4389 737 4446 lx.
750 4404 812 4464 473·
825 4401 852 4448 et
863 4411 937 4466 seqq.
