2738 4866
158 346 252 385 rann.
265 345 318 384 xx.
401 321 478 382 laeon
494 321 527 381 ιἰι
542 321 688 383 maritum
695 320 839 402 jacientis
853 319 964 381 oncino.
1141 316 1205 382 367

159 493 344 563 deflexisse
362 493 398 559 in
416 513 562 581 pravum
582 497 720 562 mentes
735 488 941 558 Israeliticae
959 488 1080 579 plebis,
1100 512 1205 579 quam

158 608 288 700 alioqui
313 606 443 676 laedere
466 627 538 673 non
561 611 689 695 posset.
742 601 884 672 Videtis
903 627 985 673 eum
1004 615 1079 672 esse
1097 605 1205 672 ritum

158 724 321 803 nocendi,
336 721 397 812 qui
416 719 571 789 declaret
588 718 700 787 imbui
717 717 887 810 religione
904 719 1069 809 quodam,
1086 719 1206 787 odiosa

156 838 304 930 quidem
330 836 400 918 illa,
426 836 585 905 nocentis
611 835 790 902 animum:
817 842 858 902 ut
884 834 921 901 in
947 834 1104 903 scelestis
1121 856 1206 924 quo-

158 978 228 1045 que
251 962 289 1022 et
312 951 515 1021 facinorosis
541 973 644 1019 suum
671 949 758 1018 illud
786 972 923 1018 servare
952 950 1112 1019 videatur
1129 949 1206 1019 AEs·

159 1069 292 1161 chylus,
320 1076 361 1136 ut
385 1067 469 1136 deos
499 1065 619 1157 quales
646 1065 766 1157 quales
793 1067 929 1157 sapiant
956 1073 1052 1135 certe
1077 1066 1205 1135 omnia.

159 1183 265 1268 Quod
307 1191 428 1252 autem
464 1180 724 1273 Agamemnon,
759 1181 836 1250 ἑκῶν
870 1180 997 1251 ἀέκοντι
1032 1209 1073 1272 γε
1107 1184 1206 1272 θυμῷ,

160 1321 296 1368 morem
326 1298 418 1391 gerit
448 1297 567 1366 infidae
598 1297 750 1390 conjugi,
779 1306 879 1367 tenet
904 1297 975 1378 ille,
1004 1306 1046 1366 ut
1075 1299 1206 1379 decuit,

159 1424 280 1505 partes
297 1415 363 1483 viri
380 1436 463 1482 vere
480 1413 708 1505 magnanimi,
725 1421 766 1482 ut
783 1414 821 1482 in
837 1436 876 1484 re
893 1412 1024 1483 nullius
1042 1413 1115 1483 fere
1132 1437 1207 1483 mo-

159 1531 275 1598 menti
293 1529 440 1597 minime
458 1529 503 1596 sit
520 1526 703 1609 molestus,
720 1551 836 1619 neque
859 1529 1032 1619 pertinax.
1070 1528 1207 1600 Verum

162 1654 200 1714 et
227 1645 286 1713 hic
315 1644 470 1713 indicare
497 1641 610 1711 voluit
636 1642 757 1726 Poeta,
783 1644 969 1713 imminere
996 1645 1071 1735 ejus
1099 1646 1207 1737 capiti

155 1770 263 1830 atrox
287 1760 419 1851 aliquid
444 1767 481 1828 et
504 1781 622 1851 grave,
640 1761 699 1850 qui
718 1761 784 1829 etsi
809 1759 898 1829 nihil
923 1761 998 1851 ipse
1024 1759 1149 1830 lubens
1170 1762 1207 1831 in

163 1874 261 1945 Deos
296 1875 522 1956 commiserit,
552 1874 701 1965 pedibus
735 1884 855 1946 tamen
885 1876 1145 1966 quodammodo
1171 1878 1208 1944 in

157 2000 298 2082 partem
317 1990 443 2059 alienae
460 1991 671 2082 arrogantiae
689 1992 818 2060 veniat.

212 2105 278 2173 Est
291 2113 328 2174 et
345 2104 457 2173 altera
470 2103 532 2172 illa
544 2105 644 2185 ratio,
662 2103 945 2196 Clytaemnestrae
959 2104 1032 2174 fere
1045 2104 1208 2185 solennis,

155 2243 231 2311 qua
248 2220 415 2289 maritum
430 2218 541 2288 veluti
558 2219 718 2311 percellit
732 2221 893 2290 infaustis
910 2221 1074 2314 auguriis.
1111 2220 1209 2291 Nam

162 2337 207 2404 de
225 2359 268 2404 eo
286 2336 416 2426 saepius
436 2334 648 2428 promulgat,
666 2336 787 2406 dedita
804 2359 922 2429 opera,
938 2339 1046 2407 verba
1067 2339 1208 2428 pessimi

156 2451 299 2521 ominis.
353 2449 466 2521 Verbi
483 2451 616 2544 gratia3
646 2453 758 2543 primo
777 2475 918 2544 quoque
937 2462 1107 2545 tempore,
1120 2477 1210 2523 nun-

162 2568 256 2636 ciato
272 2565 383 2656 Trojae
401 2566 540 2634 excidio
557 2588 621 2657 per
638 2566 732 2636 faces
749 2589 923 2649 accensae,
942 2569 1040 2638 venit
1057 2570 1094 2637 in
1111 2592 1210 2638 men-

163 2695 237 2751 tem
256 2682 289 2751 ei
307 2682 351 2750 de
368 2682 529 2750 exercitu
546 2679 776 2762 Achivorum,
795 2692 928 2772 quanto
950 2706 1032 2754 cum
1054 2684 1210 2776 periculo

163 2798 199 2865 in
217 2796 361 2887 templis
378 2805 562 2865 uersentur
572 2806 611 2864 x:

368 2950 397 3002 εἴ
408 2947 430 3003 δ’
443 2948 472 3004 εὖ
484 2950 596 3014 σε’βουσι
609 2951 668 3006 τοὺς
678 2951 877 3023 πολισσούχους
890 2953 973 3017 θεούς,

375 3036 435 3092 τοὺς
447 3039 492 3105 τῆς
503 3035 619 3105 ἁλούσης
629 3039 686 3108 γῆς,
700 3038 764 3092 θεῶν
776 3037 799 3092 θ’
813 3037 946 3109 ἱδρύματα,

374 3122 419 3176 οὐκ
432 3120 498 3193 ἂνγ’
512 3121 619 3179 ἕλοντει
629 3123 701 3181 αὖθις
712 3124 843 3198 ὀνθάλφεν
855 3126 894 3179 ἅν.

373 3209 439 3278 ἔρως
451 3209 479 3262 δὲ
491 3208 526 3278 μή
539 3232 578 3266 τις
588 3213 716 3280 πρότερον
727 3211 838 3280 ε’μπίπη)
851 3211 953 3286 στρότιρ

373 3294 466 3348 ποθεῖν
477 3291 493 3348 ἃ
504 3295 539 3363 μὴ
551 3295 612 3366 χρὴ,
624 3295 743 3365 κέρδεσιν
755 3296 915 3366 νικωμένους.

376 3379 416 3432 δεῖ
426 3381 477 3450 γὰρ
488 3383 554 3452 πρὸς
565 3379 650 3438 οἴκους
661 3384 786 3452 νοστίμου
799 3385 927 3456 σωτηρίας

375 3465 477 3535 κάμψαι
490 3465 596 3521 διαύλου
608 3467 716 3539 θάτερον
727 3472 811 3525 κῶλον
822 3472 910 3526 πόλιν.

163 3599 219 3671 Ut
244 3609 365 3672 autem
392 3603 599 3673 crediderim
626 3627 703 3674 eam
731 3608 903 3677 scientem
931 3610 1212 3703 prudentemque

164 3717 325 3808 injecisse
350 3717 520 3788 infaustas
547 3741 659 3800 voces,
681 3720 817 3790 faciunt
842 3724 1036 3814 praesertim
1062 3732 1134 3796 tres
1159 3727 1211 3796 illi

161 3833 283 3903 ultimi
303 3857 423 3905 versus
434 3847 465 3905 Y:

370 3989 445 4045 ’θεοῖς
457 3987 479 4042 δ’
491 3990 669 4059 ἀναπλόκητος
681 3992 703 4043 εἷ
714 3993 792 4060 μόλοι
804 3996 925 4063 στρατὸς,

371 4076 517 4148 ’ἐγρηγορὸς
529 4079 558 4132 τὸ
570 4081 642 4147 πῆμα
654 4083 704 4132 τῶν
716 4078 855 4134 ὀλωλότων

377 4161 468 4231 γένοιτ’
481 4160 520 4226 ἂν,
534 4164 557 4216 εἶ
567 4167 701 4233 πρόσπαια
712 4163 747 4232 μὴ
760 4163 834 4235 τύχοι
846 4168 918 4220 κακά.

307 4353 321 4381 ¹
342 4346 431 4414 Apum.
445 4365 506 4418 329.
904 4353 996 4406 ylbt'd.
1010 4355 1071 4424 33⁶0
