2738 4866
217 337 281 402 116
453 339 502 402 De
516 337 629 402 derebus
643 336 759 400 ultimis
774 334 891 399 Iliadis
906 333 1019 399 Libris.
1090 356 1185 398 rana.
1198 355 1262 396 vm.

267 509 327 580 Sic
344 510 465 601 itaque
483 519 613 591 statuo,
631 508 861 579 Academici:
884 505 995 577 veluti
1013 505 1132 598 spissis
1145 505 1265 574 tardis-

217 648 286 717 que
304 625 472 718 gradibus
489 624 654 696 consulto
673 648 749 694 rem
767 624 907 694 trahere
924 622 1138 703 Homerum,
1156 623 1265 691 donec

216 742 262 811 ad
281 764 456 812 summam
475 741 564 811 belli
586 740 831 832 perveniatur:
860 762 940 830 quae
954 737 1099 829 quidem
1120 759 1265 806 summa>

217 865 259 926 ut
276 868 361 928 ante
383 858 550 939 diximus,
568 855 736 926 Hectoris
754 857 858 925 unius
876 855 970 925 caede
988 855 1203 924 continetur.
1274 850 1281 861 '

268 1087 355 1158 “At
386 1090 496 1173 enim,
522 1097 644 1157 amoto
673 1086 841 1168 Hectore,
868 1088 929 1178 qui
956 1087 1026 1155 duo
1056 1091 1267 1154 attexuntur

217 1203 309 1286 libri,
328 1227 398 1295 quo
416 1204 562 1272 tandem
579 1212 684 1294 pacto
701 1227 773 1273 non
791 1214 895 1273 erunt
912 1202 1057 1272 inutiles
1077 1198 1266 1270 censendi?

217 1320 408 1410 exquibus
434 1318 526 1388 alter
550 1318 765 1388 athletarum
792 1321 905 1411 magis
926 1341 1030 1410 quam
1053 1316 1265 1411 bellatorum

217 1434 359 1503 videtur
388 1457 464 1505 esse
499 1429 683 1527 proprius3
720 1434 812 1504 alter
841 1436 892 1504 ita
921 1435 1078 1527 quidem,
1108 1440 1150 1502 ut
1181 1431 1266 1501 nihil

218 1549 367 1632 dulcius,
386 1548 570 1643 lugentem
588 1560 736 1643 patrem,
754 1550 932 1643 placatum
951 1549 1073 1620 Heroa
1091 1549 1266 1642 depingit3

217 1665 323 1759 friget
340 1675 501 1758 uterque,
520 1667 615 1758 qnod
633 1669 677 1737 ad
695 1670 835 1737 exitum
853 1666 940 1738 belli
957 1666 1118 1737 attinet.'’

281 1779 458 1863 Profecto,
489 1782 518 1850 si
546 1782 606 1873 qui
634 1783 690 1851 ita
712 1783 888 1873 judicant,
917 1783 942 1852 ii
977 1779 1198 1850 duriusculos
1231 1800 1267 1847 se

218 1896 431 1986 profitentur
466 1897 616 1988 judices,
648 1921 766 1988 neque
807 1898 960 1967 multum
1003 1896 1199 1995 audiendos
1232 1896 1266 1962 in

219 2013 369 2081 materia
405 2011 560 2082 Poetica.
630 2012 753 2104 Usque
790 2015 926 2083 adeone
963 2014 1000 2081 in
1038 2011 1093 2080 hir
1126 2032 1267 2102 quoque

217 2128 323 2196 rebus
336 2129 455 2197 omnia
471 2129 515 2197 ad
535 2128 700 2198 utilitatis
717 2152 878 2198 normam
900 2151 1023 2198 severe
1043 2136 1082 2197 et
1106 2126 1268 2197 absolute

218 2243 431 2334 exigentur?
466 2243 625 2313 Taedebit
643 2244 804 2314 homines
821 2247 914 2315 circa
930 2245 1071 2318 inferias
1085 2244 1269 2336 magnani-

219 2381 359 2427 morum
373 2357 537 2427 Heroum
550 2358 735 2450 paululum
749 2361 902 2454 morari?
926 2361 1087 2430 Nihilne
1103 2357 1268 2438 Patrocli,

219 2471 308 2541 nihil
335 2472 514 2554 Hectoris,
542 2473 669 2542 talium
699 2474 862 2555 virorum,
893 2474 999 2542 funus
1025 2480 1064 2541 et
1090 2470 1268 2562 exsequiae

219 2588 440 2658 movebunt?
493 2587 603 2671 Quasi
626 2612 708 2658 vero
728 2588 849 2658 Iliadis
867 2588 1023 2659 clausula
1039 2611 1110 2656 non
1129 2585 1268 2654 suavius

220 2705 335 2774 multo
370 2713 407 2773 et
443 2702 582 2795 plenius
618 2704 733 2786 cadat,
769 2728 875 2794 quam
909 2706 937 2774 si
973 2702 1081 2795 (quod
1116 2701 1267 2794 Virgilio

219 2820 368 2912 placuit)
386 2821 499 2890 altum
516 2821 706 2902 silentium,
724 2820 910 2913 profligato
928 2818 1035 2903 bello,
1054 2828 1233 2910 sequatur.

287 2933 392 3017 Quod
432 2935 461 3003 si
504 2957 583 3003 nos
610 2957 681 3003 non
724 2935 845 3025 inepte
887 2955 1026 3024 prorsus
1068 2933 1266 3001 universam

221 3045 423 3117 Homericae
464 3071 612 3140 poeseos
654 3048 810 3117 indolem
847 3072 892 3117 ex
926 3045 1079 3117 Achillis
1122 3069 1269 3138 persona

213 3163 428 3254 judicamus,
459 3164 554 3255 quod
585 3165 899 3255 exquisitissimum
928 3164 989 3233 ille
1023 3164 1204 3254 specimen
1233 3172 1269 3230 et

220 3277 402 3369 exemplar
426 3277 588 3348 Heroum
615 3302 692 3349 esse
720 3280 852 3350 voluit:
889 3280 1014 3371 utique
1043 3282 1168 3370 graves
1199 3300 1269 3346 non

221 3394 367 3462 deerant
393 3416 516 3475 causae,
545 3417 609 3463 our
638 3404 676 3464 et
700 3396 854 3466 Patrocli
884 3386 1014 3481 funus,
1029 3402 1066 3463 et
1089 3393 1268 3474 Hectoris,

213 3510 313 3600 justo
337 3510 492 3579 carmine
520 3514 635 3580 omari
658 3514 811 3582 deceret.
862 3514 953 3583 Erat
980 3514 1154 3596 amicitiae,
1178 3536 1270 3583 mor·

221 3635 324 3693 tuum
363 3625 519 3694 sodalem
553 3627 652 3696 nullo
691 3651 762 3697 non
799 3629 932 3698 honore
969 3615 1158 3720 proseqni3
1194 3640 1269 3699 erat

220 3737 364 3828 pietatis
404 3746 442 3806 et
477 3740 733 3822 misericordiae,
768 3742 908 3811 devicto
946 3743 1090 3811 tandem
1126 3743 1268 3812 inimico

221 3851 425 3945 ignoscere;
460 3863 650 3944 utrumque
676 3865 752 3925 erat
779 3857 966 3950 religionis,
993 3868 1034 3927 ut
1061 3859 1155 3926 inter
1182 3857 1269 3926 Eth-

212 3968 330 4048 ‘nicoa
365 3970 645 4051 accuratissima,
675 3973 1027 4062 qualem-«Homerus
1062 3975 1098 4043 in
1126 3971 1269 4044 Achille

223 4105 286 4152 suo
314 4084 428 4154 voluit
457 4086 688 4177 proculdubio
718 4089 872 4159 multum
903 4089 1030 4172 valere,
1061 4089 1205 4180 solaque
1236 4091 1269 4158 vi

211 4178 298 4289 'hjus
316 4198 452 4269 domari
468 4224 570 4292 posse
590 4201 750 4274 effraenes
766 4207 921 4275 ardentis
938 4207 1046 4275 animi
1063 4215 1193 4276 motus.

275 4315 357 4385 Hoc
383 4315 472 4385 illud
500 4326 564 4399 est,
589 4319 684 4410 quod
712 4321 907 4391 etiamnum
935 4323 1018 4392 boni
1041 4346 1184 4416 quoque
1207 4324 1269 4393 viri
