2738 4866
165 336 260 376 rnna.
274 338 294 376 1.
362 316 469 400 ecquid
480 326 603 378 noceam
618 317 726 400 iniqua
741 317 831 402 Imp.
848 327 991 401 tempora.
1190 321 1212 380 3

165 504 236 570 quo
259 483 360 550 annis
381 483 576 572 animisque
595 484 805 552 maturiores
823 483 1210 573 erunt,·quorum·lidei

163 596 444 685 atque-consilio
468 598 774 678 commendabitur
788 619 817 666 ‘a
838 599 937 667 vobis
958 621 1001 666 ea
1021 598 1209 688 provincia.

169 710 249 781 Hoc
273 734 344 780 nno
367 714 521 793 nomine,
540 724 581 781 ut
598 713 652 795 fit,
670 713 820 780 blandiri
844 713 939 792 mihi,
958 713 1069 781 fretus
1092 721 1209 794 aetatc,

164 827 283 908 soleo;
309 830 403 918 qnod
422 830 456 895 in
477 837 554 895 toto
572 851 677 918 opere
695 827 904 919 peragendo,
924 838 1089 917 tanquam
1114 829 1150 894 in
1172 850 1210 895 re

164 945 370 1033 gravissima
395 966 436 1011 ac
461 966 560 1033 paene
591 952 820 1022 sacrosancta,
848 965 985 1010 summa
1014 944 1211 1011 reverentia

164 1081 311 1126 usurum
347 1081 405 1126 me
439 1070 477 1126 et
509 1081 622 1149 spero,
658 1067 695 1126 et
734 1059 849 1147 siquid
885 1057 929 1123 de
963 1079 1021 1125 me
1055 1057 1209 1147 profiteri

164 1173 326 1254 audeam,
344 1173 523 1264 profiteor.

217 1289 348 1379 Neque
369 1288 457 1357 illud
480 1288 624 1356 omnino
647 1288 820 1356 indictum
839 1287 956 1367 velim,
975 1288 1068 1378 quod
1090 1289 1209 1368 cnivis,

163 1405 297 1494 opinor,
320 1407 356 1471 in
380 1415 539 1471 mentem
563 1404 703 1485 veniat3
729 1426 800 1471 non
827 1405 863 1471 in
891 1425 933 1470 ea
959 1425 1022 1471 nos
1047 1404 1210 1472 incidisse

164 1518 365 1609 reipublicae
383 1529 553 1610 tempora,
571 1541 649 1609 quae
667 1520 700 1586 in
722 1518 857 1587 deliciis
874 1519 1088 1608 hujusmodi,
1106 1519 1211 1587 sacris

163 1636 357 1725 praesertim
371 1635 492 1703 officiis
506 1635 766 1714 inservientem,
781 1656 904 1702 securo
915 1657 956 1702 ac
967 1632 1078 1701 libero
1092 1634 1210 1702 animo

162 1749 304 1838 spatiari
324 1748 449 1816 sinant.
502 1748 596 1818 Ecce
613 1748 715 1816 aliam
737 1748 836 1815 vobis
853 1747 1034 1816 haesitandi
1053 1770 1209 1829 causam3

161 1886 240 1952 quae
264 1887 329 1932 nec
355 1865 431 1954 ipsa
457 1873 575 1932 tamen
604 1885 666 1931 suo
688 1863 813 1931 solatio
837 1871 965 1931 careat.
1019 1863 1209 1941 Nimirum,

162 1991 271 2047 utne
296 1989 459 2070 suscepto
486 1981 584 2047 oneri
607 1979 734 2047 misere
760 2001 900 2069 prorsus
926 1989 1034 2069 atque
1059 1980 1211 2070 turpiter

160 2096 285 2176 desim,
304 2093 457 2162 multum
483 2095 550 2163 erit
577 2093 662 2160 mihi
690 2092 817 2162 laboris
843 2094 1129 2184 impendendum,
1148 2095 1210 2163 ho-

161 2213 246 2279 mini
276 2211 490 2300 jamdudum
525 2209 707 2276 rusticanti
743 2218 782 2276 et
814 2208 883 2277 alia
917 2211 1035 2279 omnia
1068 2212 1208 2302 agenti3

161 2327 265 2416 sopiti
297 2327 468 2394 doctrinae
498 2326 608 2416 ignes,
637 2324 664 2391 si
696 2325 756 2413 qui
787 2325 883 2392 intus
915 2324 1038 2404 latent,
1067 2324 1208 2393 fovendi

160 2447 269 2530 atque
301 2440 516 2520 suscitandi3
555 2438 669 2507 multa
699 2439 896 2508 revocanda
923 2440 957 2506 in
989 2440 1206 2520 memoriam,

161 2556 262 2645 plura
291 2556 335 2624 de
361 2578 453 2624 novo
481 2554 656 2634 discenda,
683 2553 800 2622 omnia
826 2554 978 2643 denique
1004 2556 1139 2623 ratione
1170 2565 1207 2623 et
1270 2628 1272 2632 Α

161 2669 227 2748 via,
245 2675 417 2757 quantum
436 2668 472 2734 in
490 2667 591 2735 nobis
608 2669 685 2747 erit,
704 2666 918 2735 collocanda.
961 2666 1054 2748 Quid
1069 2664 1205 2735 multa?

158 2803 308 2870 quarum
322 2804 439 2850 rerum
452 2790 557 2867 antea
571 2781 680 2849 tacita
691 2781 842 2870 quadam
856 2778 1042 2846 dulcedine
1054 2779 1204 2860 fruebar,

158 2919 218 2964 eas
230 2897 306 2987 jam
325 2918 380 2965 res
398 2896 596 2988 intelligere
615 2896 803 2986 oportebit,
822 2904 929 2984 atque
947 2894 1069 2962 ordine
1087 2917 1204 2963 coram

158 3009 272 3078 doctis
299 3032 486 3100 exponere.
539 3008 686 3078 Summo
708 3010 816 3100 igitur
833 3033 921 3100 opus
942 3011 1010 3078 erit
1030 3012 1114 3093 otio,
1132 3035 1204 3101 quo

159 3125 250 3192 curis
282 3147 412 3193 vacuus
439 3125 473 3192 id
504 3147 612 3192 unum
645 3136 727 3216 agat
755 3126 903 3206 animus,
934 3136 974 3192 ut
1005 3148 1131 3195 arcana
1153 3129 1202 3195 rei

158 3241 320 3329 poeticae,
336 3263 406 3308 non
420 3263 482 3309 sua
496 3241 653 3329 quaedam
668 3240 853 3321 insomnia,
866 3248 944 3307 tum
959 3261 1079 3308 secum
1093 3243 1205 3311 medi-

158 3357 267 3425 tando
285 3357 458 3445 exquirat,
476 3364 552 3423 tum
572 3356 661 3422 veris
684 3356 845 3445 aptisque
866 3355 979 3424 verbis
1003 3356 1201 3427 adumbret.
1230 3442 1235 3453 .

157 3469 264 3551 Quod
293 3479 423 3550 contra,
450 3470 567 3538 nescio
595 3493 638 3537 an
671 3469 769 3538 nulla
797 3491 875 3560 spes
902 3471 947 3538 sit
969 3471 1108 3559 quietis,
1138 3471 1202 3541 hac

157 3587 316 3654 omnium
341 3586 500 3653 ordinum
520 3583 683 3674 procella,
707 3607 894 3674 rerumque
917 3594 1117 3654 sanctarum
1140 3609 1203 3655 ex-

158 3708 273 3769 tremo
291 3701 502 3769 discrimine.
556 3699 675 3768 Nemo
698 3700 791 3767 enim
815 3723 885 3768 non
908 3699 1015 3780 videt,
1039 3699 1106 3768 hoc
1128 3701 1202 3769 fere

157 3816 397 3906 biennioque
420 3816 547 3895 studio,
565 3837 634 3904 qua
657 3815 837 3896 industria,
857 3815 1015 3884 scelerati
1041 3814 1201 3884 homines

156 3928 249 3999 male
272 3939 399 4020 agant3
426 3951 495 4019 qua
520 3928 656 3997 malitia
679 3929 874 4020 longinqua·
896 3930 983 3998 ruris
1005 3937 1141 4019 petant,
1160 3937 1201 3997 ut

156 4067 201 4113 ne
227 4042 346 4112 casula
364 4044 508 4134 quidem
534 4043 607 4112 ulla
631 4045 678 4114 sit
704 4054 778 4114 tam
804 4044 934 4124 abdita,
952 4052 1026 4112 tam
1053 4055 1199 4126 remota,

155 4184 261 4251 quam
285 4160 435 4229 uenisti
456 4160 599 4230 famosis
624 4169 731 4251 atque
756 4160 874 4251 impiis
899 4157 1037 4238 libellis,
1056 4181 1200 4229 suorum

155 4277 395 4346 incendiorum
428 4274 539 4343 veluti
567 4276 702 4357 fomite,
730 4274 995 4366 compleverint.
1051 4275 1119 4343 His
1148 4277 1201 4344 in-

654 4397 717 4465 1³2
