2738 4866
163 337 331 383 rannxrx.
484 321 926 406 omwproraastalilanwot
1143 328 1210 392 843

171 529 173 535 ·
202 487 263 559 'Ac
289 491 385 560 enim
407 490 477 562 alio
499 493 537 561 ln
560 491 638 563 loco
660 494 785 564 tribuit
809 495 926 566 eidem
947 497 1208 572 moestissimam

161 604 321 678 omnium
337 607 488 675 naeniam
500 602 521 677 ¹.

440 758 464 811 εἰ
477 758 506 812 δὲ
517 761 589 830 κυρεῖ
600 781 639 816 τις
649 761 733 816 πέλας
745 762 909 818 οἰωνοπόλων

441 842 553 913 ἔγγαιος,
565 842 650 898 οἶκτον
661 845 763 916 οἰκτρὸν
774 845 845 911 οἷον,

442 928 551 995 δοξάσει
562 951 602 985 τις
612 927 711 985 άκοάων

441 1011 494 1067 ὄπα
505 1015 550 1069 τᾶς
561 1013 668 1084 Τηρεΐας

439 1100 546 1169 μητίδος
557 1101 660 1171 οἰκτράς
670 1101 779 1173 άλάχου,

438 1188 591 1256 κιρκηλάτου
603 1185 625 1240 τ’
637 1186 754 1256 άηδόνος.

159 1321 303 1403 Quaerat
328 1320 463 1411 aliquis,
499 1345 611 1412 ecqua
646 1323 782 1392 ratione
815 1325 899 1394 satis
933 1323 1008 1396 haec
1040 1326 1136 1397 inter
1169 1352 1208 1398 se

159 1435 371 1517 cohaereant,
389 1445 431 1504 ut
451 1436 555 1505 unius
578 1436 673 1506 alitis
693 1461 764 1507 una
781 1461 851 1508 vox
871 1450 1087 1532 proponatur
1106 1443 1209 1512 nobis

157 1550 195 1618 in
212 1551 406 1642 exemplar,
429 1552 487 1621 hic
513 1551 663 1635 laetitiae,
680 1552 753 1622 illio
779 1556 962 1627 moeroris?
1014 1555 1087 1627 Sed
1110 1559 1210 1627 audi-

159 1666 251 1734 enda
267 1689 349 1757 quae
366 1674 581 1757 sequuntur:
1044 1662 1049 1672 '

404 1821 422 1877 ά
433 1823 454 1878 τ’
464 1823 516 1878 άπὸ
527 1827 620 1895 χώρων
630 1830 752 1894 ποταμῶν
763 1824 785 1879 τ’
793 1826 928 1900 ςῖργομένο

404 1909 493 1964 πενθεῖ
504 1909 560 1965 νέον
572 1908 657 1965 οἶκτον
669 1909 759 1979 ἢθεάιν·

404 1995 539 2064 ξυντίθησι
551 1995 580 2049 δὲ
588 1995 681 2052 παιδὸς

361 2095 362 2099 ’
405 2083 495 2151 μόρον,
507 2082 542 2137 ὥς
553 2080 705 2152 αὐτοφόνως

403 2166 486 2221 ὤλετο
497 2169 562 2238 πρὸς
573 2171 661 2238 χεῖρος
673 2170 710 2232 ἕό,
720 2168 748 2221 ἐν

403 2253 568 2324 δυσμάτορος
579 2255 656 2308 κότου
667 2256 762 2324 τυχών.

209 2392 267 2462 Ex
286 2393 342 2463 his
368 2393 529 2476 efficitur,
553 2394 674 2473 invita,
702 2409 743 2463 ut
768 2393 878 2475 aiunt,
905 2393 1082 2479 Minerva,
1106 2397 1210 2468 lusci-

156 2507 253 2576 niam
283 2531 448 2579 exercere
475 2530 513 2578 se
543 2509 579 2576 in
607 2507 783 2577 flebilibus
810 2507 948 2591 modis;
989 2531 1119 2601 nempe
1145 2512 1208 2581 ubi

155 2630 301 2713 propter
321 2624 496 2714 accipitris
518 2631 656 2693 metum
673 2623 783 2691 arceri
800 2645 838 2691 se
861 2623 974 2714 gemit
990 2646 1012 2692 a
1030 2626 1208 2695 consuetis

157 2736 321 2806 amnibus
350 2739 521 2829 arvisque.
564 2737 674 2806 ,Tum
701 2738 846 2807 demum
868 2736 1074 2808 Philomelae
1100 2739 1210 2808 refert

160 2851 364 2944 imaginem,
377 2852 535 2945 lugentis
552 2853 654 2922 triste
671 2852 746 2921 nati
764 2851 927 2922 exitium.

208 2965 296 3036 Haec
314 2967 402 3038 -ideo
431 2969 588 3061 argutius
615 2968 823 3059 exequenda
848 2967 1070 3052 videbantur,
1098 2977 1140 3037 ut
1170 2970 1209 3039 in

157 3073 225 3150 hac
254 3089 351 3150 certe
380 3082 500 3153 avium
529 3082 730 3152 dulcissima
759 3088 937 3150 constaret
971 3081 1056 3171 quid
1088 3092 1208 3174 posset

158 3195 281 3266 Poetae
320 3184 399 3267 tum
433 3198 556 3267 oculus
589 3199 790 3280 acerrimus,
828 3205 908 3266 tum
942 3219 1138 3288 propensus
1172 3199 1209 3268 in

160 3308 337 3403 sylvarum
354 3313 576 3382 amoenitates
593 3312 741 3382 animus

220 3425 301 3507 Qua
331 3426 475 3516 quidem
505 3425 623 3495 indole
649 3427 756 3496 fuisse
781 3425 988 3518 AEschylum
1014 3425 1071 3496 vel
1099 3449 1210 3496 exeo

158 3539 297 3632 plenius
322 3549 478 3633 apparet,
506 3541 600 3632 quod
624 3541 653 3612 is
674 3565 758 3611 cura
780 3550 817 3610 et
842 3563 962 3610 amore
982 3541 1208 3631 prosequitur

159 3678 229 3723 non
264 3655 371 3724 modo
408 3657 654 3726 mansuetioris
696 3656 834 3748 generis
875 3655 1051 3736 animalia,
1095 3677 1207 3746 eaque

158 3792 239 3859 quae
274 3769 389 3840 solent
422 3771 625 3840 hominibus
658 3793 734 3840 esse
765 3771 803 3839 in
837 3768 982 3852 deliciis,
1013 3789 1137 3837 verum
1171 3777 1209 3836 et

158 3907 211 3966 ea,
245 3907 322 3974 quae
363 3885 539 3977 plerisque
580 3884 758 3955 habentur
799 3885 929 3964 odiosa,
966 3882 1022 3952 vel
1066 3889 1210 3974 propter

158 4019 298 4065 momm
322 3997 593 4083 immanitatem,
619 3998 676 4068 vel
700 4008 844 4091 propter
868 3997 978 4067 vitam
1003 3996 1208 4087 victumque

159 4112 263 4181 nimis
296 4112 477 4184 horridum
511 4121 618 4205 atque
651 4136 823 4205 asperum.
892 4110 1002 4203 Apud
1037 4134 1130 4194 eum,
1168 4118 1210 4180 ut

588 4304 597 4351 .¹
617 4307 709 4376 Suppl.
723 4320 767 4378 59.
