2738 4866
193 306 238 368 24
261 303 347 384 Quid
355 303 490 389 sitapud
496 303 585 367 rudes
594 303 675 388 quod
683 304 813 367 Poeticae
821 305 952 368 monimo
961 313 1078 368 noceat:
1101 325 1242 369 runnu.

193 480 343 563 tumque
369 493 406 540 se
426 472 627 563 jactarunt:
659 493 739 540 oum
763 473 871 542 etiarn
899 473 965 541 sibi
992 495 1130 564 semper
1157 497 1245 565 prae-

193 588 432 658 sentissimum
459 586 604 655 Numen
632 586 816 679 invigilare
843 589 1023 658 sentiunt:
1053 589 1183 656 mirum
1207 589 1243 656 ni

195 703 313 772 omnia
338 704 465 771 eodem
487 701 640 782 trahant,
668 725 738 793 quo
764 703 829 793 ipsi
856 704 1044 796 cogitando
1070 705 1243 773 feruntur.

194 817 287 886 Tum
309 817 428 886 avium
449 815 598 898 volatus
621 824 698 885 tum
726 815 815 908 pulli
840 827 1034 908 pascentes
1059 827 1138 888 tum
1162 842 1246 888 nec-

195 934 350 1025 opinatae
376 934 634 1002 occurrentium
659 954 774 1013 voces,
799 957 991 1024 congruere
1015 935 1184 1004 divinitus
1207 941 1246 1004 et

195 1049 406 1140 respondere
441 1047 575 1116 arcanis
608 1046 806 1115 animorum
840 1046 1025 1117 affectibus
1059 1049 1246 1117 videntur:

196 1164 283 1233 nihil
308 1173 380 1233 tam
405 1161 494 1243 leve,
512 1170 585 1230 tam
604 1162 803 1244 fortuitum,
821 1164 904 1253 quin
929 1163 1064 1255 augurii
1084 1163 1165 1234 loco
1184 1163 1247 1232 ha-

197 1279 349 1357 beatur„
384 1275 468 1344 Jam
493 1276 561 1343 ista
578 1271 685 1365 vulgo
711 1274 847 1344 avidius
870 1275 1050 1366 arripiunt,
1069 1299 1143 1366 ,quo
1166 1276 1247 1346 lite-

197 1416 315 1462 rarum
328 1392 399 1461 sint
412 1390 588 1459 rudiores:
612 1411 728 1479 neque
742 1390 848 1472 enim,
862 1413 968 1481 quarn
982 1413 1072 1460 vana
1088 1393 1159 1461 sint
1172 1392 1248 1484 ple·

197 1530 316 1598 raquo,
334 1514 431 1576 certo
449 1505 586 1587 sciunt3
612 1512 650 1572 et
662 1503 822 1594 pluribus
840 1512 961 1574 carent
979 1505 1094 1574 cordis
1110 1507 1249 1577 inflam-

198 1624 286 1699 mati
303 1621 477 1701 remediis,
491 1643 568 1710 quae
585 1621 714 1688 artium
732 1620 964 1712 ingenuarum
982 1643 1065 1691 usus
1082 1621 1236 1691 afferret.

264 1852 465 1936 Videtisne,
498 1874 672 1943 campum.
702 1852 786 1921 satis
823 1851 980 1944 amplum
1015 1852 1248 1945 agricolarum

201 1990 341 2060 quoque
371 1968 408 2036 iu
442 1969 515 2036 vita
544 1990 585 2036 ac
620 1966 777 2036 moribus
805 1975 938 2058 patere,
968 1968 1029 2037 ubi
1059 1989 1096 2036 se
1131 1976 1249 2038 tentet

201 2092 308 2174 atque
337 2091 502 2153 exerceat
529 2082 605 2154 sine
627 2083 781 2152 carmine
809 2083 861 2152 vis
891 2083 1049 2172 quaedam
1077 2081 1249 2154 Poetica?

202 2199 333 2290 Neque
359 2198 453 2270 enim
473 2198 654 2268 Poeticam
677 2196 854 2289 appellare
869 2198 945 2288 jam
966 2199 1034 2267 erit
1059 2221 1123 2268 our
1148 2199 1252 2267 ‹lubi-

201 2322 339 2397 temus3
376 2335 458 2383 oum
487 2313 524 2382 in
551 2336 597 2382 eo
625 2314 698 2382 fere
728 2313 926 2382 consentiat
956 2312 1153 2382 communis
1187 2313 1251 2382 ho-

202 2431 339 2499 minum
374 2429 594 2498 literatorum
630 2451 756 2509 sermo,
791 2428 932 2518 quando
963 2428 1008 2496 de
1043 2449 1081 2496 re
1117 2428 1251 2498 rustica

203 2546 422 2636 disputatur3
449 2552 491 2612 ut
508 2543 686 2634 quicquid,
703 2544 846 2635 pietatis
870 2564 965 2635 ergo,
988 2540 1107 2633 paullo
1126 2545 1252 2633 exqui-

204 2661 304 2730 sitius
337 2683 378 2730 ac
413 2659 595 2730 venustius
629 2681 651 2727 a
684 2657 817 2728 colonis
857 2657 1051 2749 excogitari
1086 2657 1251 2740 videant;

204 2775 278 2844 sive
303 2775 347 2866 ad
376 2772 543 2853 locorum,
569 2772 644 2843 sive
667 2771 711 2842 ad
739 2781 972 2855 mortuorum,
999 2772 1072 2840 sire
1099 2771 1144 2840 ad
1172 2770 1252 2851 Νη,

205 2890 309 2958 minis
335 2887 541 2980 religionem
564 2887 762 2978 pertineat3
792 2886 829 2953 id
852 2886 972 2954 statim
996 2885 1129 2966 Poetis,
1151 2882 1251 2974 quasi

205 3004 395 3095 proprium,
413 3004 504 3071 tradi
522 3025 563 3072 ac
581 3001 771 3070 condonari
790 2999 911 3069 velint.

257 3117 361 3200 Quod
379 3126 499 3187 autem
516 3117 694 3207 tripartita
710 3115 772 3184 illa
789 3116 960 3184 divisione
974 3137 1052 3210 sum
1070 3136 1161 3194 usus,
1179 3137 1252 3183 non

206 3233 372 3324 equidem
388 3232 558 3323 putabam
579 3230 834 3321 amplissimum
851 3230 970 3299 locum
987 3231 1063 3300 istis
1080 3230 1253 3299 limitibus

207 3349 370 3418 concludi
387 3369 509 3440 posse3
536 3349 597 3416 sed
621 3370 700 3416 oum
726 3345 964 3438 intelligerem
984 3347 1094 3415 totius
1111 3346 1164 3415 rei
1180 3347 1253 3414 vim

208 3465 245 3532 in
267 3463 439 3555 exemplis
465 3485 540 3532 esse
565 3463 727 3553 positam,
749 3463 817 3530 tria
837 3462 937 3530 vobis
963 3459 1153 3531 clarissima
1174 3484 1255 3552 pro-

208 3579 371 3670 ponenda
393 3577 661 3659 existimabam
688 3577 815 3666 quibus
839 3575 1097 3658 animadversis,
1115 3583 1255 3658 caetera,

209 3695 269 3785 qui
286 3694 418 3774 volent,
435 3716 498 3784 pro
517 3715 554 3760 se
571 3692 718 3783 quisque
736 3690 839 3760 facile
857 3699 1024 3782 poterunt
1040 3691 1210 3758 invenire.

260 3807 383 3878 Unum
400 3807 486 3876 mihi
505 3807 592 3875 illud
611 3807 739 3875 addere
757 3804 881 3875 liceat:
910 3805 1100 3896 (quoniam,
1113 3813 1156 3873 ut
1170 3806 1254 3887 dixi,

209 3932 292 3993 sunt
309 3925 369 4014 qui
384 3923 565 3993 Poeticam
582 3920 758 4013 plerisque
771 3922 921 3992 indoctis
935 3923 1078 3991 omnino
1091 3923 1254 4013 negent:)

210 4039 312 4107 fateri
342 4060 405 4106 nos
435 4039 554 4119 etiarn,
584 4037 737 4106 existere
767 4036 899 4128 aliquid
926 4039 962 4106 in
992 4038 1114 4106 infima
1139 4044 1177 4104 et
1203 4036 1256 4103 in-

211 4160 353 4243 compta
372 4152 486 4242 plebe,
505 4153 598 4242 quod
622 4153 768 4222 tacitam
792 4153 888 4222 illam
907 4152 1046 4232 Poesin‚
1064 4151 1256 4241 lumenque

212 4267 419 4347 Phantasiae,
441 4265 605 4334 obscuret
629 4266 763 4355 saepius,
784 4266 964 4335 interdum
987 4267 1114 4335 misere
1139 4265 1258 4333 extin-

211 4389 317 4482 guat:
342 4403 471 4481 nempe
496 4379 591 4470 quod
616 4380 743 4471 plures,
767 4382 946 4464 commoti,
966 4389 1165 4472 temperare
1188 4378 1259 4453 sibi·
