2738 4866
155 310 219 374 150
244 311 287 374 Ia
300 309 431 385 Heraean
444 307 571 372 multam
576 306 690 390 γὀοονο
702 328 849 372 sermones
861 306 1045 393 cprcstc'ma:
1061 326 1157 386 rann.
1165 326 1202 367 x,

292 476 355 546 ἦΰπ
366 476 493 548 πάρδαλις
504 472 557 533 εἶσι
568 476 675 545 βαθείης
685 477 714 530 ἔκ
722 477 849 548 ξυλόχοιο
911 509 913 513 <

224 622 226 627 ,
294 563 387 632 ἀνδρὸς
398 562 541 633 θηρητῆρος
552 562 675 626 ἐνόντων,
687 561 750 616 nidi
759 586 784 617 τι
797 563 868 636 θυμῷ

294 652 394 719 ταρβεῖ,
405 649 466 702 οὐδὲ
477 652 608 720 φοβεῖται,
621 649 678 704 ἐπεί
689 672 733 705 κεν
744 651 862 721 ὕλογμομ
872 645 982 718 ἀκούσῃ(

296 734 952 806 αἶααμνὶμφθαμαόαμαῆαὒαααο»ἤα6ὒοααν,

296 823 366 877 ἄλλό
377 845 405 878 τε
418 825 461 877 καὶ
471 825 532 894 περὶ
543 825 617 894 δουρὶ
627 824 776 894 πεπαρμένη
788 825 836 879 οὐκ
842 820 973 894 ἀπολήγει

295 907 383 977 axae,
395 910 457 978 πρὶν
467 908 492 980 γ’
505 913 534 978 ἦα
546 908 732 979 ξυμβλήμεναι,
745 913 774 978 a
786 909 901 978 δαμῆνα·

297 997 333 1051 ὣς
342 993 495 1065 Ἀντήνορος
505 998 560 1052 vids
571 996 678 1067 ἀγαυοῦ,
691 997 746 1052 δῖος
755 995 881 1067 Ἀγήνωρ,

295 1082 342 1135 οὐκ
352 1081 443 1137 ἔθελεν
452 1080 569 1153 φεύγειν,
580 1084 644 1151 πρὶν
653 1081 801 1152 πειρήσαιτ’
811 1080 943 1152 Ἀχιλῆος.

206 1201 295 1275 Hac
311 1205 432 1286 habui,
445 1228 523 1296 que
539 1206 678 1296 planius
691 1206 911 1296 explicarent
928 1211 1104 1296 qnantum
1121 1201 1200 1270 isin

157 1317 358 1390 Homericis
382 1321 582 1412 profecerit,
599 1322 661 1411 qni
686 1322 723 1389 in
745 1321 849 1391 rebus
866 1319 1035 1390 Asiaticis
1059 1339 1133 1386 non
1158 1315 1202 1384 sit

156 1435 301 1504 omnino
325 1434 463 1526 hospes,
482 1442 704 1504 sacrosancto
728 1435 791 1504 illo
815 1435 993 1505 volumine
1018 1432 1204 1524 diligenter

157 1549 262 1620 lecto.

208 1746 329 1819 Venio
353 1770 448 1818 nunc
469 1747 515 1818 ad
542 1747 696 1819 altarum
716 1749 816 1840 quasi
841 1747 959 1817 locum
983 1745 1204 1824 indiciorum,

158 1887 308 1957 qnorum
329 1885 397 1955 ope
418 1863 566 1935 fortasse
589 1863 715 1934 clarior
737 1865 800 1933 fiet
823 1863 986 1932 universa
1001 1859 1204 1931 Homerica

159 1979 311 2050 Poeseos
335 1979 437 2048 ratio.
498 1977 697 2053 conferatis
719 1978 826 2050 velim
853 2001 935 2048 cnm
960 2001 1003 2047 ea
1028 1996 1206 2049 sermones

158 2096 363 2189 agrestium,
380 2117 463 2165 cum
488 2093 540 2163 illi
565 2103 628 2164 aut
651 2118 706 2164 res
729 2103 848 2187 gestas
865 2102 1017 2174 narrant,
1034 2102 1100 2163 aut
1117 2093 1205 2160 visas

159 2211 328 2280 curiosius
345 2209 464 2301 paullo
477 2209 593 2279 verbis
610 2209 831 2300 adumbrant
864 2207 1028 2291 Mirifica,
1041 2208 1080 2276 ni
1093 2207 1203 2288 fallor,

160 2323 361 2392 invenietur
376 2321 504 2392 horum
521 2325 715 2394 consensio.

211 2437 397 2529 Principio,
416 2436 607 2520 Homerus,
625 2439 856 2511 similitudine
879 2438 1101 2522 declaranda,
1126 2441 1205 2509 sim-

159 2554 270 2647 plices
294 2544 507 2644 plemmque
529 2562 566 2623 et
591 2562 730 2645 apertas
750 2577 946 2646 proponere
969 2563 1066 2626 amat
1090 2577 1204 2624 rerum

160 2669 303 2762 effigies,
321 2669 513 2759 qualesque
530 2671 643 2761 primo
661 2670 782 2739 statim
799 2678 945 2761 aspectu
963 2667 1020 2738 vel
1045 2669 1204 2739 indocto·

160 2807 240 2852 rum
260 2782 380 2852 oculos
397 2782 534 2853 feriant.
586 2781 721 2852 Domos
738 2782 882 2873 quidem
905 2783 997 2873 ipsas
1015 2782 1090 2851 sive
1108 2783 1205 2852 sedes

161 2899 355 2990 imaginum
379 2898 462 2988 jure
489 2899 702 2967 admiramur
724 2899 817 2989 apud
845 2920 928 2966 eum
958 2899 1046 2966 adeo
1078 2919 1205 2990 paucas

161 3013 338 3082 numerari
363 3034 576 3104 posterum
601 3014 771 3106 imagines
797 3015 880 3104 ipsa
906 3013 1079 3103 prodeant
1104 3013 1206 3082 liber-

162 3130 252 3199 rima
268 3129 380 3220 copia,
398 3128 537 3198 infinita
552 3129 734 3199 varietate.
778 3127 881 3198 Adeo
899 3127 993 3218 quod
1010 3129 1047 3197 in
1064 3129 1207 3198 musicis

163 3244 215 3326 fit,
241 3253 283 3314 ut
307 3252 444 3335 sept-em
469 3245 576 3314 modo
593 3266 721 3313 vocum
743 3244 943 3317 discrimina
967 3245 1053 3313 satis
1076 3244 1206 3313 faciant

164 3357 260 3428 omni
278 3358 404 3428 divine
421 3360 505 3429 artis
517 3358 758 3451 amplitudini;
776 3357 812 3427 id
829 3360 865 3426 in
885 3358 1043 3428 Homero
1056 3382 1205 3451 quoque,

162 3481 349 3567 cantorum
383 3474 553 3565 principe,
587 3473 705 3548 locum
739 3473 857 3576 habet.
919 3473 991 3545 Sex
1025 3483 1208 3565 septemve

164 3589 351 3682 generibus
368 3587 544 3673 adhibitis,
561 3590 759 3658 universam
785 3588 846 3658 ille
868 3612 985 3658 rerum
1007 3588 1206 3671 Iliacam,

164 3706 315 3795 vitaeque
331 3706 481 3775 heroicae
495 3706 620 3775 silvam
636 3705 932 3775 similitudinibus.
942 3706 1129 3796 expressit.

216 3817 296 3900 Quo
331 3820 368 3888 in
400 3842 547 3888 numero
581 3820 816 3911 principatum
851 3817 1015 3888 obtinent
1043 3843 1101 3900 ea,
1131 3841 1208 3911 quae

166 3931 245 4002 coeli
263 3932 390 4003 faciem
407 3958 501 4004 nuno
514 3934 740 4028 tranquillam
754 3955 848 4004 nuno
860 3935 973 4007 ventis
986 3935 1208 4034 nubibusque

166 4057 382 4118 commotam
408 4035 614 4143 depingunt,
678 4049 901 4144 cognoscite,
933 4027 1064 4140 querno,
1097 4071 1209 4140 pauca

167 4162 211 4230 de
245 4162 376 4246 multis,
411 4188 481 4256 quo
510 4165 649 4257 planius
679 4175 902 4258 perspectum
932 4165 1102 4247 habeatis,
1135 4165 1210 4234 Ho-

165 4298 303 4382 merum
346 4304 417 4350 non
456 4280 552 4375 domi
595 4284 778 4353 sedentem
821 4305 936 4372 neque
976 4283 1131 4380 otiosum
1169 4303 1209 4353 eu
