2738 4866
155 368 251 413 rann.
264 368 308 409 ιιι.
368 345 405 408 da
416 342 562 408 mittitur
577 345 610 407 a'u
625 343 720 406 aciem
728 339 997 426 propradc'eata'dru.
1141 339 1201 402 131

206 507 314 591 Quid,
345 528 415 598 qua
447 508 584 576 ratione
617 504 717 573 humi
752 504 970 613 consedisse
986 505 1205 575 demonstret

154 623 337 715 trepidum
354 621 442 692 illud
462 621 623 691 Heroum
642 619 855 689 concilium?
1029 620 1033 628 ’

336 758 364 813 ε’ν
376 757 488 829 καθαρῷ,
502 756 543 811 ὅθι
556 756 588 824 δὴ
601 754 695 810 νεκάον
706 755 853 824 διεφαίνετο
864 758 951 824 χῶρος

333 845 487 898 πιπτόντων·
506 841 566 897 ὅθεν
577 840 649 897 αὖτις
660 839 814 910 ἀπετράπετ’
827 839 936 911 ὄβριμοι
943 837 1054 907 Ἕκτωρ.

333 929 414 986 ὀλλὺς
424 928 565 1000 Ἀργείους,
578 927 623 982 ὅτε
634 927 665 994 δὴ
677 927 738 996 περὶ
748 915 796 992 νὺξ
808 925 949 996 ἐκάλυψεν·

334 1015 395 1070 ἔνθα
406 1014 577 1083 καθεζόμενοι,
590 1012 642 1067 ἔπε’
656 1011 798 1081 άλλήλοισι
809 1012 961 1082 πίφαυσκον
969 1009 985 1065 ¹.

207 1129 416 1220 Cujusmodi
442 1129 575 1215 omnia,
589 1151 660 1219 quo
685 1150 760 1219 per.
774 1149 811 1196 se
837 1126 908 1196 sint
934 1124 1075 1215 leviora,
1098 1130 1136 1192 et
1161 1122 1206 1191 ad

156 1245 335 1336 poeticam
362 1243 461 1313 illam
489 1250 714 1313 venustatem
746 1242 864 1310 minus
897 1240 1076 1333 pertinere
1110 1238 1207 1307 vide·

156 1369 274 1443 antur,
308 1383 351 1428 eo
385 1359 513 1429 clarius
547 1367 585 1428 et
618 1359 817 1428 evidentius
851 1358 992 1438 docent,
1022 1356 1059 1424 ni
1093 1353 1207 1433 fallor,

158 1473 358 1542 Homerum
392 1481 455 1542 aut
487 1456 603 1564 ipsum
637 1472 826 1562 aliquando
860 1471 983 1540 fecisse
1020 1456 1206 1560 stipendia,

157 1597 222 1657 aut
239 1596 336 1657 certe
353 1586 589 1656 militantibus
606 1588 776 1656 comitem
793 1609 831 1656 se
848 1585 1061 1676 adjunxisse.

209 1701 320 1771 Nunc
343 1701 554 1771 Homericos
574 1701 612 1770 in
634 1702 746 1772 aciem
768 1709 905 1782 euntes,
922 1708 1031 1790 atque
1056 1700 1144 1768 adeo
1170 1698 1207 1766 in

157 1818 275 1908 ipsum
292 1824 472 1886 certamen
489 1839 752 1909 prosequamur.
788 1804 970 1889 Succurrit
986 1809 1071 1884 ante
1088 1811 1208 1882 omnia

158 1932 402 2002 dulcissimum
432 1931 532 2013 illud,
560 1941 598 2001 et
632 1955 714 2002 cum
741 1930 873 2003 bellica
895 1931 1038 2010 virtute,
1065 1929 1094 1998 si
1121 1925 1208 2018 quid

158 2047 267 2130 aliud,
284 2047 492 2148 arctissime,
508 2055 549 2115 ut
567 2047 703 2138 opinor,
722 2046 994 2138 conjunctumssz

335 2185 405 2237 τοῖσι
417 2181 440 2235 δ’
452 2181 525 2253 ἄφαρ
535 2183 651 2252 πόλεμος
661 2182 774 2252 γλυκίων
784 2180 875 2253 γένετ’,
887 2179 916 2248 ἠὲ
929 2178 1032 2234 νέεσθαι

336 2267 363 2322 ἕν
375 2267 450 2336 νηυσὶ
461 2269 617 2339 γλαφυρῇσι
629 2268 710 2339 φίλην
721 2267 748 2327 εἰ·
759 2267 871 2338 πατρίδα
881 2270 966 2339 γαῖαν.
1045 2345 1048 2350 ·

157 2346 457 2464 Animadvertite,
470 2398 605 2472 quaeso,
623 2381 743 2473 paullo
769 2380 942 2462 subtiliua
961 2381 1046 2472 quid
1068 2402 1110 2450 ea
1130 2403 1208 2486 sen-

158 2495 274 2565 tentia
299 2496 425 2566 valeat.
487 2496 617 2581 Primo,
653 2497 768 2588 ipsum
802 2496 891 2565 illud
927 2496 1101 2589 Pugnare,
1135 2519 1207 2566 non

157 2618 305 2701 propter
329 2598 443 2682 laudis
468 2634 567 2704 spem
595 2621 633 2682 et
660 2601 827 2693 victoriae,
855 2611 917 2680 sed
945 2619 1115 2700 tanquam
1144 2633 1207 2702 per

158 2743 197 2790 se
226 2744 347 2792 carum
374 2732 412 2793 et
441 2723 604 2806 amabile,
634 2723 793 2817 proponi.
846 2722 995 2806 Deinde,
1024 2712 1209 2793 momento

157 2828 329 2930 temporis
346 2839 476 2907 mutari
493 2838 641 2920 animos,
652 2839 743 2907 tanti
758 2840 946 2930 exercitus,
960 2847 1036 2909 tam
1052 2827 1207 2932 graviter

158 2950 340 3034 commoti,
370 2953 480 3022 semel
512 2954 619 3023 modo
646 2952 783 3046 Ulyssis
808 2954 906 3043 quasi
934 2962 1073 3046 sceptro
1099 2943 1209 3027 tacti:¹

157 3089 268 3158 quam
297 3068 426 3138 scimus
456 3091 531 3139 esse
561 3069 748 3148 castrensis
780 3067 977 3160 plebeculae
1012 3059 1209 3165 levitatem

158 3182 256 3266 Quid
273 3183 451 3274 quaeritis?
492 3182 654 3275 Simplex
679 3185 822 3252 omnino
844 3173 1030 3266 sententia,
1052 3186 1205 3276 fortique

156 3300 277 3369 animo
310 3298 465 3368 maxime
499 3299 658 3369 omnium
694 3300 926 3368 conveniens:
971 3299 1116 3371 Nullius
1153 3304 1203 3371 rei

156 3435 272 3496 causa,
298 3413 531 3505 praeterquam
557 3415 692 3486 bellicae
721 3414 855 3507 gloriae,
882 3414 986 3483 facile
1013 3418 1205 3486 carendum

156 3529 368 3611 essedomo,
386 3531 509 3621 patria,
520 3529 667 3628 ⁴liberis3
692 3530 870 3621 proposita
890 3537 1009 3600 autem
1033 3530 1204 3621 ejusmodi

156 3665 230 3735 spe,
244 3666 289 3713 ne
302 3666 404 3735 posse
416 3645 569 3736 quidem,
583 3645 714 3715 nedum
734 3651 905 3735 oportere,
919 3667 994 3714 rem
1007 3645 1044 3713 in
1057 3645 1205 3714 dubium

156 3759 285 3829 vocari.
357 3758 458 3829 Idem
492 3759 597 3851 plane
631 3769 766 3840 sonant,
801 3757 959 3851 longiore
1002 3761 1108 3830 modo
1142 3759 1202 3830 filo

155 3873 323 3958 deducta,
340 3874 523 3949 notissima
539 3874 602 3944 illa
620 3873 720 3968 Lycii
738 3867 870 3966 regist:

315 4057 317 4060 Α
334 4004 441 4065 Γλαῦκε,
454 4002 494 4070 τίη
506 4002 538 4070 δὴ
551 4007 597 4055 νῶί
607 3999 780 4070 τετιμήμεσθα
791 4001 907 4069 μάλιστα

323 4085 394 4155 ’ἕδρῃ
404 4109 441 4150 τε,
454 4087 560 4156 κρίασίν
571 4086 603 4148 τ’,
616 4085 661 4154 ἦδὲ
672 4087 771 4142 πλείοις
783 4086 933 4149 δεπάεσσιν,

227 4312 238 4350 ¹
256 4312 289 4367 Il.
302 4331 329 4366 x.
345 4329 403 4384 199.
624 4325 640 4361 s
657 4315 684 4368 ii,
697 4328 758 4384 453,
980 4312 995 4350 h
1013 4314 1058 4370 xii,
1071 4331 1132 4386 310,

659 4424 685 4471 Κ
700 4410 722 4472 2
