2738 4866
154 345 253 387 enen.
265 344 310 386 rx.
399 322 682 406 utipsmnmilt'tioe
695 331 846 406 ammiud
860 323 969 386 deecit.
1144 325 1207 392 137

158 493 294 583 opinor,
323 512 406 560 cum
433 491 553 560 animo
582 500 744 561 cerneret
769 490 891 572 Poeta,
917 492 1053 583 optime
1082 517 1207 586 reprae-

159 606 290 676 sentari
308 604 445 674 curavit
461 627 526 696 per
540 602 641 686 illud,

335 731 381 783 τόν
391 730 416 781 al
427 729 489 799 περὶ
498 729 558 799 χεὶρ
570 729 710 799 ἐκάλυψεν.

209 849 317 933 Quid,
343 850 488 942 quaein
513 859 671 922 mentem
698 849 858 944 Agenori
883 840 1042 936 ueniunt,
1068 876 1206 923 summo

160 968 244 1035 vitae
261 989 305 1036 ac
325 967 448 1036 mortis
463 965 668 1056 periculoxt

337 1093 359 1145 sl
371 1091 394 1145 δ’
406 1090 975 1162 ἃνέγὸτούωνςμὸῦποκλονέεσθαιέάσω

338 1178 452 1246 Πηλείδῃ
464 1177 577 1246 Ἀχιλῆϊ,
589 1179 670 1233 ποσὶν
681 1177 703 1232 δ’
715 1177 767 1232 ἀπὸ
779 1178 878 1249 τείχεος
889 1177 957 1246 ἄλλῃ

336 1260 427 1332 φεύγω
437 1263 504 1333 πρὸς
514 1261 713 1331 πεδίονἸλὴῖον,
725 1261 787 1333 ὄφρ’
799 1263 831 1316 dv
841 1261 932 1332 ἵκωμαι

330 1346 404 1415 'Idpr
414 1368 443 1400 τε
456 1347 571 1416 κνημοὺς,
584 1349 648 1401 κατά
658 1370 687 1402 τε
698 1346 797 1418 ῥοητὴῖα
809 1346 870 1401 δύο·

336 1433 458 1502 ἑσπέριος
469 1431 492 1485 δ’
503 1431 536 1485 ἂν
546 1432 642 1494 ἔπειτα,
653 1433 832 1501 λοεσσάμενος
842 1435 977 1502 ποταμοῖο,

338 1517 401 1586 ἱδρῶ
411 1516 585 1587 ἅποψωχθεὶς,
596 1515 748 1572 ποτὶἿλιον
758 1517 919 1585 ἀπονεοίμην.

161 1630 263 1699 Num
290 1651 334 1698 ea
358 1637 452 1712 sunt,
478 1652 555 1720 quae
581 1628 685 1699 facile
710 1630 755 1699 ab
780 1629 915 1698 imbelli
937 1631 1060 1720 quovis
1083 1639 1121 1701 et
1147 1634 1207 1703 de-

161 1743 269 1813 licato
300 1743 494 1835 excogitari
519 1742 727 1835 potuerint?
779 1742 850 1826 Qui
876 1744 1062 1836 magnifica
1088 1749 1208 1817 omnia

161 1864 318 1948 crepant,
336 1879 422 1925 num
439 1857 555 1927 ferant
572 1879 675 1948 aequo
693 1858 811 1926 animo
829 1858 997 1928 “sudoris
1020 1858 1207 1929 abluendi”

161 1972 381 2040 mentionem
398 1970 486 2053 fieri,
504 1978 578 2040 tam
601 1972 700 2065 gravi
723 1993 840 2038 rerum
862 1972 1088 2042 discrimine?
1127 1973 1207 2057 Qua

164 2093 286 2153 tamen
312 2084 397 2174 ipsa,
415 2106 497 2153 curn
515 2093 663 2153 ventum
685 2084 731 2153 ed
749 2105 871 2152 verum
893 2092 959 2165 est,
977 2085 1065 2153 nihil
1088 2089 1207 2177 potuit

163 2197 281 2287 aptius
297 2196 428 2266 induci.
481 2195 578 2265 Nam
596 2197 715 2265 nescio
732 2197 909 2286 quomodo
930 2207 1068 2269 mentes
1094 2200 1207 2271 homi-

160 2334 258 2392 num,
284 2312 497 2404 gravissimis
521 2311 750 2401 temporibus,
775 2311 923 2380 minima
952 2335 1099 2403 quaeque
1130 2323 1207 2386 tau-

160 2433 271 2517 gunt:
298 2423 356 2493 vel
373 2425 455 2516 quia
471 2423 577 2516 pleno
595 2425 694 2516 quasi
711 2424 839 2516 poculo
858 2424 987 2495 doloris
1004 2449 1049 2495 ne
1065 2436 1207 2519 guttam

160 2539 307 2629 quidem
325 2538 430 2608 facile
453 2539 637 2630 patiuntur
656 2539 816 2609 infundi:
843 2540 899 2609 vel
922 2541 1004 2630 quia
1028 2563 1207 2632 gennanae

162 2651 382 2720 fortitudinis
408 2658 476 2734 est,
494 2650 716 2741 quotidianas
740 2650 846 2720 hasce
870 2651 1049 2722 molestias
1074 2675 1206 2740 curare,

162 2788 209 2834 ne
228 2767 334 2835 anxie
351 2765 455 2835 nimis
472 2766 517 2835 de
534 2787 672 2834 summa
688 2788 805 2834 rerum
824 2766 992 2857 cogitent.

213 2880 338 2970 Atque
361 2880 399 2947 in
423 2878 492 2948 hoc
516 2899 646 2970 genere
666 2878 769 2946 venia
794 2879 840 2947 sit
866 2879 1070 2969 exemplum
1093 2881 1207 2970 profe-

160 2993 255 3060 renti
294 2992 340 3061 de
376 2992 571 3062 recentiore
609 2991 779 3060 memoria
821 3000 1014 3082 sumptum.
1083 2993 1208 3065 Nostis

160 3107 287 3194 utique
310 3104 466 3175 nobilem
484 3105 677 3186 foeminam,
694 3128 774 3194 quae
791 3105 830 3172 in
847 3103 1069 3175 Occidentali
1091 3106 1208 3178 Gallie

160 3242 217 3288 res
234 3240 377 3288 suorum
402 3218 548 3288 afflictas
571 3219 805 3309 perditasque,
824 3218 1055 3310 quadraginta
1080 3221 1208 3291 abhinc

161 3332 273 3412 annis,
291 3331 432 3424 egregie
448 3332 612 3401 narravit.
665 3329 743 3409 Illa,
767 3352 905 3398 summo
926 3330 1046 3400 dolore
1069 3332 1207 3417 affecta,

160 3454 274 3516 exuta
302 3445 412 3526 bonis,
435 3445 644 3513 moribundo
674 3445 811 3524 marito,
839 3443 1022 3534 praedones
1049 3448 1214 3517 omnium
1285 3532 1286 3536 Ἰ

162 3557 421 3627 crudelissimos
451 3558 600 3649 fugiens,
634 3565 821 3648 postquam
856 3555 974 3625 omnia
1007 3558 1133 3628 acerba
1167 3582 1208 3629 ac

162 3672 305 3741 funesta
327 3672 569 3762 descripserat,
587 3693 658 3740 uon
679 3678 820 3738 veretur
845 3667 933 3738 illud
956 3671 1095 3754 addere,
1113 3675 1208 3763 quod

162 3785 209 3854 ab
232 3785 309 3854 istis
334 3784 584 3876 grandiloquis,
606 3782 736 3875 siquid
761 3780 870 3860 aliud,
893 3781 1098 3855 abhorreat:
1125 3809 1208 3855 nam

163 3920 246 3966 cum
264 3920 307 3967 ea
324 3898 472 3988 pedibus
493 3907 700 3990 sequeretur
719 3895 883 3964 lecticam
907 3898 1014 3965 saucii
1038 3899 1207 3992 conjugis,

163 4020 261 4080 arcta
288 4011 383 4080 solea
410 4012 559 4103 plantas,
586 4020 627 4081 ut
649 4011 701 4091 fit,
725 4008 808 4078 laedi
833 4031 874 4078 ac
904 4012 1095 4105 constringi
1123 4036 1209 4103 que·

163 4125 285 4193 riturr.

164 4275 179 4304 ¹
193 4266 225 4320 ll.
238 4267 293 4320 xxi.
306 4266 368 4336 556.
404 4275 419 4313 1
431 4267 509 4320 Mem.
524 4267 554 4319 de
566 4266 688 4320 Madame
700 4265 732 4318 de
743 4265 786 4318 Le
799 4265 885 4318 Rocte
896 4264 1055 4332 Jacqueleia,
1068 4263 1144 4334 chep.
1153 4268 1206 4322 xiv.
