2738 4866
361 1571 751 1660 rnrsnnorro
795 1579 989 1662 Noua,

118 2147 120 2152 Ι
154 2063 314 2120 Declaratur
337 2068 445 2122 Homeri
471 2069 593 2124 bellicosa
617 2078 694 2141 atque
721 2072 784 2125 adeo
808 2073 923 2126 Heroiea
949 2073 1058 2138 irrdolea
1083 2072 1200 2143 amplis

190 2158 243 2204 tam
261 2153 297 2206 ad
317 2162 405 2208 eastra
421 2158 620 2226 pertinentibus,
642 2165 696 2211 tam
718 2159 755 2211 ad
775 2159 864 2222 oriem,
886 2166 939 2212 tam
962 2159 998 2213 ad
1021 2168 1126 2224 cetera,
1148 2176 1199 2230 que

160 2305 164 2311 Ι
190 2239 289 2292 militia
300 2242 607 2313 suntmaa‘imepropria.

157 2443 161 2449 ⁴
261 2459 423 2534 AGNA
465 2466 644 2535 veteribus
690 2467 808 2558 opinio
855 2465 935 2549 fuit,
978 2465 1198 2555 Academici,

225 2652 228 2656 ,
301 2577 457 2649 Homero
491 2605 561 2650 non
595 2581 747 2651 Poeseos
781 2584 899 2662 modo,
933 2604 1058 2651 rerum
1094 2584 1198 2652 etiam

156 2696 325 2777 omnium,
355 2706 529 2788 quotquot
563 2707 654 2780 sunt,
689 2699 818 2767 art-ium
853 2697 994 2766 laudem
1025 2699 1200 2789 quandam

156 2793 324 2880 eximiam
342 2810 472 2881 deberi.
525 2813 652 2905 Inepte
670 2813 813 2904 quidem
831 2812 882 2882 illi
904 2836 945 2882 ao
963 2813 1069 2882 nimis
1087 2813 1200 2904 pueri·

156 2926 255 2996 liter:
292 2908 401 2996 habet·
430 2936 551 2997 tamen
582 2950 703 2998 eorum
728 2929 878 3019 jactatio
909 2928 1200 3021 significationem

156 3042 309 3134 aliquam
335 3067 405 3113 non
436 3045 580 3114 dubiam
611 3068 725 3136 neque
756 3042 930 3125 inutilem,
957 3045 1066 3135 siquis
1097 3043 1201 3136 digne

157 3158 329 3235 aestimare
368 3160 454 3229 velit
493 3169 571 3229 tum
614 3162 698 3231 artis
736 3171 815 3230 tum
854 3159 997 3228 artificis
1035 3158 1201 3228 indolem.

157 3275 417 3345 Intellexerunt
443 3273 619 3358 videlieet,
646 3275 697 3347 ita
724 3299 807 3345 eum
834 3277 953 3344 omnia
978 3285 1137 3367 tangere,
1162 3281 1202 3342 ut

156 3415 228 3460 non
253 3391 290 3459 in
314 3390 428 3461 alieno
453 3394 581 3462 versari
605 3393 776 3472 videatur,
801 3391 862 3460 sed
886 3392 929 3460 ad
958 3413 1057 3459 suam
1080 3389 1203 3459 volun-

158 3514 269 3575 tatem
298 3509 438 3598 propria
465 3516 618 3577 tractare
642 3517 679 3576 et
705 3508 848 3598 fingere.
900 3503 1015 3597 Atqui
1042 3506 1109 3575 hao
1134 3527 1204 3574 nna

89 3648 91 3650 ’
157 3645 195 3692 re
230 3645 404 3692 summam
440 3622 594 3693 Poeticae
632 3622 717 3692 artis
755 3621 938 3702 contineri,
972 3620 1074 3689 nobis
1108 3629 1204 3689 certe

151 3739 366 3829 jampridem
390 3746 444 3807 est
468 3739 592 3806 visum.
645 3737 838 3818 Nimirum,
857 3758 944 3826 quos
967 3757 1050 3804 vere
1074 3734 1203 3804 Poetae

158 3852 322 3944 appelles,
353 3855 379 3921 ii
408 3877 479 3922 non
508 3853 574 3923 hao
602 3864 664 3923 aut
694 3853 755 3922 illa
784 3853 929 3944 regione
957 3852 1202 3932 terminantur,

157 3967 220 4035 sed
247 3991 498 4059 usquequaque
527 3968 600 4038 late
627 3968 745 4060 vagari
777 3965 902 4036 solent.
956 3964 1030 4033 Sua
1055 3966 1206 4057 quisque

158 4076 247 4160 lure,
265 4082 336 4150 suis
354 4082 528 4151 coloribus
546 4083 712 4152 imbuunt
729 4090 836 4171 atque
854 4080 991 4148 variant
1007 4079 1141 4147 omnia.

336 4227 446 4296 Largior
457 4227 501 4282 hic
514 4246 621 4298 campos
633 4228 717 4283 aether
728 4236 755 4281 et
765 4227 866 4281 lumine
878 4224 956 4279 vestit

335 4311 481 4381 Purpureo,
495 4314 630 4384 solemque
642 4329 731 4376 suum,
744 4331 793 4367 sua
805 4312 891 4366 sidem
903 4317 1014 4365 norunt
