2738 4866
156 337 252 378 rann.
262 337 328 378 vru.
459 338 527 380 cam
541 318 685 380 Diernadc
699 329 900 403 conqueratur.
1141 324 1202 386 lll

156 485 310 555 dicimus
327 485 455 568 studia,
468 508 545 576 quae
562 494 684 556 tamen
702 510 762 558 eos
779 489 929 560 reddant
946 490 1142 561 cbtusiores
1160 495 1204 563 ad

156 624 200 670 ea
225 601 419 683 sentienda,
441 624 518 692 quae
544 625 669 695 corpus
691 613 844 696 angant:
871 607 922 675 ita
942 608 1043 678 nobis
1064 632 1205 700 quoque

158 715 263 785 venia
282 716 442 798 debetur,
459 718 625 787 audacius
646 718 825 810 aliquanto
847 725 1084 793 scrutantibus
1107 726 1207 794 uobi-

157 826 245 896 lium
275 826 467 896 Poetarum
502 831 679 912 carmina3
716 836 907 922 praesertim
938 859 1019 906 cum
1051 838 1205 929 ipsorum

157 940 353 1032 splendoris
369 951 407 1011 et
427 941 550 1035 gloriae
567 944 716 1025 intersit,
734 944 868 1016 clausas
886 970 1008 1018 eorum
1027 973 1068 1019 ao
1085 975 1203 1021 recon-

157 1053 250 1124 ditas
264 1078 348 1147 opes
361 1056 397 1124 iu
415 1056 598 1126 clariorem
615 1057 731 1127 lucem
749 1064 873 1151 promi.
927 1061 995 1133 His
1008 1066 1205 1155 praemissis

157 1168 356 1240 Diomedes
380 1171 442 1241 illa
466 1195 549 1242 cum
567 1170 740 1242 Achilleis
765 1177 923 1268 argutius
948 1178 1067 1268 paullo
1093 1180 1205 1248 ausim

159 1308 383 1377 componere.

226 1400 389 1492 Uterque
421 1402 599 1485 nimirum,
633 1427 655 1472 a
690 1403 834 1474 Pallade
873 1415 1002 1488 tactus,
1036 1416 1205 1499 tanquam

157 1516 324 1586 aethereis
363 1516 518 1586 collucet
552 1519 716 1611 ignibus:
755 1521 816 1590 sed
855 1521 916 1591 ille
950 1533 1115 1605 armatus,
1148 1524 1207 1593 hic

158 1631 313 1701 inermis.
367 1632 468 1701 Illius
497 1633 667 1702 divinitus
697 1635 822 1703 ardent
849 1635 992 1727 clypeus
1015 1644 1053 1705 et
1082 1637 1205 1729 galea3

157 1748 242 1819 huic
272 1758 310 1818 et
343 1749 452 1841 galeae
485 1749 596 1819 instar
629 1757 668 1818 et
702 1749 816 1842 clypei
851 1752 925 1821 sola
957 1753 1021 1822 lux
1055 1753 1208 1823 coelestis

158 1864 308 1933 obtinet.

602 1960 610 1980 ’
653 1958 771 2014 tt'‘A'

300 2044 378 2114 ὤμοις
389 2046 521 2116 ἰφθίμοισι
531 1962 692 2118 βόλάαίίῒίδα
704 1961 913 2103 tumescens

301 2132 370 2203 ἀμφὶ
382 2131 412 2186 δέ
422 2133 447 2186 ot
458 2135 561 2203 κεφαλῇ
574 2132 654 2204 νέφος
664 2134 763 2204 ἔστεφε
775 2134 818 2187 διὰ
830 2133 911 2188 θεάων

300 2217 422 2290 χρύσεον,
435 2219 464 2272 εἰι
476 2218 497 2273 δ’
511 2220 590 2274 αὐτοῦ
602 2220 658 2274 δαῖε
669 2221 760 2290 φλόγα
771 2221 977 2289 παμφανόωσαν.

158 2375 240 2445 Hac
274 2397 346 2443 uua
382 2397 430 2455 re,
464 2373 500 2442 ni
540 2372 653 2456 fallor,
688 2372 966 2442 luculentissime
1005 2373 1208 2467 depingitur

158 2489 346 2558 Diomedis
375 2498 412 2557 et
438 2486 600 2569 Achillis,
626 2487 750 2556 militis
784 2495 822 2556 et
852 2486 978 2570 herois,
1009 2488 1206 2557 discrimen.

160 2605 293 2696 Neque
321 2627 404 2672 vero
438 2626 509 2672 non
539 2603 741 2695 praeclaram
776 2602 934 2693 ejusdem
965 2601 1074 2671 habet
1103 2604 1209 2695 sigui-

159 2721 372 2800 ficationem,
386 2742 466 2809 quae
484 2719 625 2809 utrique
643 2717 843 2809 apponitur,
862 2715 1066 2785 similitudo.
1094 2715 1209 2784 Lucet

160 2834 332 2923 ardetque
349 2830 568 2902 Diomedeus
585 2832 686 2924 ignis,

302 2989 391 3062 ἀστέρ’
403 2991 521 3064 ὀπωρινῷ
534 2991 686 3062 ἐναλίγκιον,
698 2989 763 3045 ὅστε
774 2991 889 3061 μάλιστα

301 3080 420 3149 λαμπρόν
430 3078 604 3149 παμφαίνῃσι,
616 3076 774 3147 λελουμένος
785 3076 926 3130 Ὠκεάνοιο.

161 3212 298 3284 Achilli
330 3238 393 3306 pro
423 3239 553 3285 corona
581 3215 761 3295 tribuitur,
792 3237 863 3283 non
897 3213 1054 3282 lucidum
1091 3213 1209 3282 nescio

161 3330 247 3421 quid
276 3337 383 3422 atque
410 3332 545 3412 ardeus,
576 3331 702 3399 sedet
733 3331 808 3421 ipsa
838 3329 900 3397 lux
931 3337 968 3397 et
998 3327 1091 3397 salus
1119 3326 1209 3396 coelo

161 3445 332 3514 demissa:
371 3445 406 3513 id
441 3447 534 3535 quod
570 3446 704 3536 optime
739 3446 917 3524 docemur,
951 3443 1083 3512 inserta
1110 3443 1209 3532 quasi

161 3559 293 3630 fabella
316 3560 395 3642 ista,
412 3561 456 3630 de
482 3559 597 3630 insula
622 3559 771 3640 obsessa,
792 3558 997 3648 facibusque
1023 3581 1044 3626 e
1067 3554 1211 3647 specula

160 3673 285 3766 procul
314 3674 425 3745 elatis.
478 3674 674 3756 Postremo,
705 3674 809 3765 quale
838 3683 1081 3764 quantumque
1109 3669 1208 3752 illud,

161 3790 257 3880 quod
295 3791 394 3880 equis
429 3790 537 3859 etiam
577 3792 781 3882 agnoscitur
820 3811 890 3858 vox
925 3787 1067 3869 Herois,
1102 3784 1210 3855 fatale

161 3904 282 3974 nescio
299 3905 384 3995 quid
402 3904 677 3998 augurantibus!

412 4093 419 4107 .
443 4093 449 4108 .
470 4093 477 4108 .
496 4054 561 4126 όταρ
573 4055 739 4126 καλλίτριχες
749 4053 824 4110 ἵπποι

304 4139 348 4210 ἂψ
358 4137 423 4210 ὄχεα
434 4141 552 4210 τρόπεον·
571 4138 687 4195 ὄσσοντο
699 4140 750 4211 γὰρ
762 4139 844 4210 ι’ίλγεα
857 4138 938 4208 θυμῷ.

163 4277 288 4368 Atque
314 4277 520 4368 ecquidem
546 4276 722 4369 popularis
746 4300 787 4346 ac
813 4277 898 4345 trita
923 4273 1052 4365 opinio,
1076 4273 1212 4363 siquem
