2738 4866
157 349 251 389 rum„
264 348 309 387 111.
381 327 510 409 prmum
525 327 641 387 comice
655 326 821 410 appelletur
833 327 996 389 Poeticmn.
1161 327 1204 393 89

156 496 281 564 nifiee”
299 519 339 563 ac
364 506 384 534 “
398 495 599 586 splendida'’
617 497 755 577 dixerit,
774 497 879 565 audio
903 519 995 576 sune,
1014 497 1204 567 vehemen-

156 617 281 698 terque
303 609 514 698 compr0b03
541 610 593 678 sin
607 609 759 691 Poetica,
778 633 849 678 non
866 633 1006 702 prorsus
1027 613 1202 681 concedo:

156 745 238 790 nam
263 725 381 791 nescio
402 725 486 812 quid
505 725 736 793 Rhetoricum
760 748 881 816 sapere
903 727 1078 808 videntur,
1096 738 1133 794 et
1156 728 1200 796 ad

155 860 258 906 aures
275 837 459 906 hominum
478 840 667 908 studiosius
685 841 953 908 accommodari.

208 951 407 1020 Audiamus
431 954 505 1041 jem
535 951 636 1020 illum
665 954 756 1020 bene
790 955 964 1043 beateque
996 956 1136 1023 vivendi
1162 979 1203 1024 ac

155 1068 329 1135 moriendi
349 1065 569 1147 Antistitem‚
589 1090 693 1156 quem
716 1070 879 1159 graviter,
902 1069 1013 1136 tribus
1034 1069 1108 1138 fere
1129 1093 1205 1138 ver-

156 1182 221 1262 bis,
241 1181 440 1271 primariam
462 1181 491 1248 is
508 1203 648 1270 quoque
673 1182 852 1276 foemiuem
875 1183 1060 1250 describat.
1113 1194 1132 1221 ‘⁶
1147 1184 1205 1253 Ita

156 1317 194 1363 se
220 1294 266 1362 ad
283 1296 453 1383 pietatem
476 1296 684 1384 composuit,
704 1296 732 1362 is
754 1304 829 1362 eret
854 1304 955 1364 tenor
977 1318 1108 1376 eorum,
1127 1318 1204 1385 quae

156 1408 217 1476 illc
242 1407 311 1475 Dei
339 1431 442 1477 causa
468 1408 629 1488 faciebat,
657 1417 697 1476 ut
723 1418 816 1476 esset
846 1409 942 1477 miris
971 1411 1083 1478 modis
1110 1419 1205 1477 tren-

156 1523 275 1613 quilla‚
302 1546 367 1592 nec
393 1546 549 1612 unquam
575 1523 726 1591 ferretur
751 1524 860 1592 citato
888 1524 1020 1615 gradu:
1056 1547 1133 1615 quoe
1158 1523 1206 1592 cd

155 1661 255 1706 surum
274 1635 371 1706 illum
392 1635 573 1718 Oceanum,
587 1635 716 1707 Duum
734 1636 887 1725 uidelicet
906 1637 1202 1720 etAEterm'tatem,

156 1761 247 1821 certo
265 1775 305 1821 ac
322 1752 434 1844 quieto
452 1751 575 1821 itinere
591 1747 813 1821 labereturhff’
864 1753 994 1843 Ecquis
1012 1754 1079 1822 ista
1096 1757 1204 1844 deget

155 1867 262 1958 pleno
284 1869 328 1935 de
354 1875 497 1957 pectore
522 1867 688 1935 manare?
720 1869 839 1958 ecquis
864 1868 1003 1936 dubitet
1029 1890 1122 1947 eum,
1143 1867 1204 1956 qui

155 1982 207 2051 ita
237 1981 377 2050 locutus
406 1983 461 2062 sit,
488 1982 636 2049 tacitum
663 2004 803 2072 quoque
829 1992 866 2051 et
896 1981 1101 2062 solitarium,
1131 1981 1203 2050 talc

156 2095 289 2186 aliquid
307 2119 427 2164 secum
446 2095 673 2164 locuturum?

207 2209 313 2291 Quod
343 2210 371 2277 si
401 2233 465 2299 per
489 2209 606 2300 legem
633 2210 780 2299 hujusce
806 2208 875 2277 leci
900 2209 1055 2299 preferre
1081 2210 1205 2280 liceret

155 2324 232 2413 ipsa
261 2324 472 2393 nostratium
508 2324 624 2404 verbe,
659 2323 837 2391 sentiretis
870 2323 984 2413 plane,
1021 2325 1056 2390 ni
1091 2324 1203 2405 fallor,

155 2438 191 2506 id
226 2440 322 2529 quod
356 2447 478 2508 metuo
512 2460 558 2506 ne
592 2437 773 2507 obscurius
807 2438 999 2520 ediderim3
1042 2461 1123 2508 cum
1158 2438 1204 2507 ab

155 2562 307 2644 utroque
342 2553 482 2644 egregie
517 2552 562 2620 sit
597 2560 727 2632 actum,
758 2551 858 2619 ilium
892 2562 1013 2622 tamen
1043 2553 1202 2623 Oratoris

155 2668 296 2749 summi,
314 2668 409 2736 hunc
427 2667 558 2749 Poetae,
578 2667 692 2735 officia
708 2688 875 2736 servasse.

208 2897 280 2967 Sed
315 2897 478 2966 universa
510 2897 584 2965 haec
620 2897 823 2987 disputatio,
855 2897 972 2963 tenuis
1006 2905 1043 2963 et
1078 2905 1203 2989 arguta

157 3035 238 3082 cum
256 3013 388 3104 primis,
406 3011 506 3080 vobis
518 3011 605 3100 jam,
616 3011 835 3094 Academici,
849 3011 1097 3101 permittatur3
1125 3013 1204 3081 dili·

155 3129 255 3219 genti
272 3150 344 3195 non
361 3127 530 3196 librorum
551 3127 657 3193 modo
676 3148 797 3194 verum
824 3127 932 3195 etiam
959 3128 1088 3195 artium
1107 3128 1203 3196 vitae-

156 3263 225 3330 que
251 3240 448 3310 communis
471 3262 537 3307 usu
564 3239 608 3325 (si
629 3239 665 3306 id
691 3263 811 3330 operae
834 3242 987 3330 pretium
1006 3241 1199 3331 videbitur)

156 3363 218 3423 eut
236 3356 473 3423 confirmanda
490 3362 552 3422 aut
570 3353 790 3423 refellenda.>
826 3353 966 3425 Vestrae
984 3363 1104 3423 autem
1122 3378 1204 3445 pru-

156 3470 285 3539 dentiae
311 3471 389 3549 erit,
407 3469 436 3538 si
460 3469 550 3537 forte
576 3469 613 3535 in
639 3469 755 3558 capite
781 3491 822 3537 ac
847 3490 984 3537 summe
1007 3469 1058 3536 rei
1076 3469 1203 3538 vidisse

156 3605 219 3652 nos
237 3583 370 3673 aliquid
383 3582 531 3672 putandi
549 3604 679 3661 sumus,
692 3605 764 3649 non
781 3582 861 3650 ideo
878 3589 998 3649 nostra
1015 3583 1202 3672 aspernari,

155 3695 322 3786 quoniam
348 3718 420 3763 non
445 3694 608 3764 omnibus
629 3695 812 3762 videamur
836 3694 997 3763 attulisse
1023 3695 1203 3784 aptissima

156 3810 328 3901 cujusque
346 3809 529 3878 sententiae
547 3807 721 3897 exempla.

237 4059 371 4128 hTeylor,
385 4059 498 4111 diruerat
510 4059 616 4111 Sermcn
629 4077 661 4110 cu
674 4058 751 4126 Lcdy
767 4057 890 4126 Carbery,
904 4057 957 4126 Op.
970 4065 990 4110 t.
1004 4057 1040 4112 vi.
1053 4057 1114 4128 476.
