2738 4866
160 355 260 398 ranr..
272 357 316 399 ιν.
329 337 649 415 Qnarctioccomtcm
657 335 901 400 ostcPrimcriis
911 334 956 397 ad
963 333 1145 396 Imitclorcc.
1169 334 1211 396 53

159 495 398 566 Barbarorum
429 498 617 568 cantilenae
652 499 789 567 duobus
824 498 898 567 fere
932 497 1111 587 principiis
1141 497 1211 565 ori-

159 619 280 680 untur.
332 610 411 680 Aut
441 614 536 681 enim
566 613 754 682 commotis
783 611 849 702 ipsi
883 612 1020 692 animis,
1051 611 1143 679 sicut
1173 609 1211 677 in

159 746 301 794 carcere
318 725 421 796 heros
443 727 516 808 ille,
534 735 699 808 cantant3
726 735 788 795 aut
811 725 1037 794 inflammatis
1060 725 1209 794 aliorum

158 836 345 907 affectibus
372 861 435 929 pro
464 847 625 930 tempore
651 840 878 930 suppeditant
904 839 1063 906 ordinem
1089 845 1126 906 et
1152 861 1211 906 co-

159 952 256 1041 piam
271 953 430 1022 dicendi:
457 954 562 1043 quale
576 954 785 1038 Bardorum‚
800 955 862 1044 qui
876 954 1102 1034 vocabantur,
1115 953 1210 1043 apud

160 1064 286 1134 Gallos
304 1065 457 1136 officium
476 1077 562 1138 erat.

212 1177 310 1247 Nam
330 1181 477 1247 tertium
504 1180 592 1249 illud
611 1179 846 1249 Metricorum
870 1203 991 1272 genus,
1009 1179 1103 1269 quod
1123 1177 1210 1247 Sen-

159 1293 355 1362 tentiosum
385 1303 468 1384 apte
499 1295 605 1377 dicas,
634 1295 693 1362 vix
722 1294 878 1364 Ponticis
907 1292 1210 1363 adnumerandum

160 1408 320 1477 videtur:
352 1431 398 1477 ex
427 1430 496 1500 quo
521 1431 652 1501 genere
679 1408 840 1500 plurimae
869 1418 952 1478 sunt
977 1409 1210 1478 Cambrorum

160 1545 243 1612 quae
261 1523 490 1592 nominantur
506 1523 669 1593 Triades:
696 1524 763 1592 nisi
785 1524 874 1614 siqui
892 1531 1054 1592 veterum
1074 1524 1210 1613 sapien-

161 1637 254 1705 tium
271 1637 397 1720 effatis,
411 1661 488 1727 quae
506 1639 665 1708 versibus
682 1638 878 1708 claudenda
895 1639 961 1708 sibi
979 1646 1210 1729 sumpserant,

159 1750 295 1843 aliquid
320 1754 429 1821 etiam
453 1755 634 1844 proprium
657 1753 824 1823 addidere
846 1761 910 1822 aut
933 1761 1122 1822 moerentes
1148 1761 1211 1830 aut

160 1866 373 1936 mirabundi.
414 1866 521 1950 Quod
538 1869 682 1957 quidem
700 1890 772 1936 non
789 1890 866 1936 raro
887 1868 1025 1936 videtur
1042 1868 1209 1936 evenisse.

211 1982 272 2050 Ad
296 2004 481 2064 summam,
505 1990 635 2063 manet,
658 1983 828 2074 cujusque
851 1984 968 2075 gentis
991 2005 1069 2072 quae
1091 1984 1211 2051 nativa

161 2096 208 2164 sit
226 2095 358 2178 Poesis,
380 2118 460 2165 eam
483 2097 585 2165 initio
614 2105 791 2187 repe1tam
821 2097 1001 2178 fuissent
1027 2105 1119 2166 esset
1146 2098 1211 2164 im-

160 2212 322 2301 portunis
338 2211 615 2304 cogitationibus
632 2211 808 2282 remedio:
835 2212 909 2279 sive
933 2234 974 2280 ea
997 2212 1034 2279 in
1058 2211 1211 2301 profanis

161 2334 368 2406 versaretur,
386 2327 460 2395 sive
480 2326 518 2393 in
544 2325 671 2407 sacris3
697 2347 760 2394 seu
777 2325 941 2417 lugerent
958 2325 1130 2407 homines,
1148 2348 1210 2394 seu

161 2439 385 2522 exultarent;
412 2440 486 2508 sive
502 2461 634 2521 amore,
651 2439 726 2509 sive
742 2438 854 2532 gloria
872 2447 1086 2507 tenerentur.

211 2665 304 2748 Jam,
327 2677 509 2758 comperta
534 2667 644 2737 semel
671 2667 835 2737 carminis
859 2670 1033 2761 pangendi
1063 2668 1209 2751 ratione,

161 2782 233 2849 duo
258 2803 333 2871 prae
359 2782 494 2850 caeteris
517 2780 702 2850 hominum
726 2772 831 2850 erant*
852 2803 992 2874 genera,
1016 2783 1143 2873 quibus
1168 2805 1210 2850 ea

160 2903 262 2988 grata
286 2902 504 2986 acceptaque
521 2895 633 2964 foret:
660 2895 813 2965 alterum
834 2918 966 2976 eorum,
984 2896 1045 2984 qui
1067 2895 1133 2985 ipsi
1157 2897 1210 2964 in-

160 3019 220 3079 tus
233 3008 339 3078 simili
353 3010 505 3099 quadam
518 3010 785 3101 perturbatione
798 3010 998 3079 laborarent
1009 3032 1018 3091 ;
1044 3010 1208 3094 alterum,

160 3145 311 3213 quorum
328 3123 401 3193 otio
418 3123 530 3192 nimio
546 3131 789 3215 torpescerent
805 3147 846 3193 ac
863 3124 1073 3216 languerent
1089 3125 1208 3194 animi.

160 3237 332 3328 Utrisque
357 3236 576 3329 gratissimus
603 3239 796 3307 intervenit
820 3238 952 3320 Poeta;
978 3238 1037 3327 qui
1064 3247 1102 3307 et
1128 3262 1210 3331 ape-

158 3353 245 3421 riret
261 3353 355 3421 viam
372 3353 566 3432 ferocienti,
585 3360 622 3421 et
640 3354 855 3422 remissiores
877 3353 1006 3421 sensim
1024 3353 1207 3424 excitaret.

158 3467 287 3556 Itaque
309 3466 497 3535 inhonore
520 3474 628 3556 atque
642 3467 691 3535 .in
716 3468 830 3559 gratia
854 3467 946 3548 foris,
964 3467 1130 3556 domique
1148 3469 1209 3538 ha-

158 3581 235 3652 beri
265 3591 412 3671 coeptus,
439 3603 517 3671 quae
543 3580 641 3672 prius
671 3604 763 3650 caeco
793 3583 944 3671 quodam
978 3583 1125 3672 impetu,
1154 3585 1207 3652 sui

157 3695 338 3766 mulcendi
370 3717 485 3776 causa,
521 3703 733 3780 tentaverat,
770 3719 813 3765 ea
849 3719 934 3765 mox
971 3696 1130 3787 pluribus
1163 3699 1208 3767 de

156 3811 272 3881 causis
304 3810 442 3889 iterare,
475 3819 625 3894 mutare,
660 3811 877 3902 distinguere
908 3811 1044 3881 didicit.
1111 3812 1207 3895 Quid

157 3926 278 3996 enimi
303 3927 497 4017 poscebant
514 3927 641 4008 amici3
667 3926 899 4016 imperabant,
918 3949 1067 4016 quorum
1086 3937 1208 3997 aucto-

156 4042 243 4110 ritas
273 4046 369 4121 erat;
407 4038 586 4108 alliciebat
615 4039 691 4129 ipsa
721 4061 948 4108 numerorum
980 4041 1143 4123 suavitas,
1169 4051 1207 4111 et

157 4153 269 4244 (quod
294 4175 406 4222 unum
430 4160 506 4221 erat
533 4153 644 4221 instar
668 4153 844 4244 omnium)
868 4154 986 4222 vivida
1009 4155 1062 4222 vis
1087 4157 1205 4238 animi,
1274 4201 1276 4205 -

156 4270 211 4339 sui
236 4267 302 4338 sibi
328 4266 478 4337 conscia.
531 4265 624 4376 Mox
651 4267 769 4357 plures
795 4267 840 4335 ad
870 4268 1082 4337 imitandum
1107 4292 1206 4338 acce-
