2738 4866
154 347 318 391 unauvu.
365 323 467 402 Quare
479 331 657 386 multaretur
671 321 805 386 Achillas
818 323 877 386 cito
890 323 1061 387 madum.
1160 325 1204 391 97

207 493 408 566 Veniamus
433 495 478 564 ad
504 516 658 585 eaquae
684 516 748 584 per
773 517 811 565 se
835 501 995 586 spectata
1018 495 1205 565 videantur

157 632 233 680 esse
246 608 352 678 nimis
365 610 517 692 excelsa,
527 631 643 700 neque
656 608 701 676 ad
719 609 991 700 comparandam
1008 608 1203 691 hominum,

157 748 263 816 quam
281 732 421 808 vocant,
439 719 653 806 συμπάθειαν,
671 723 757 793 satis
781 724 919 793 idonea.
970 723 1099 808 Qualia
1122 733 1206 794 sunt

157 840 217 910 illa
234 841 281 910 de
299 837 486 910 Vulcauiis
509 839 625 920 armis,
648 837 759 907 semel
787 845 895 930 atque
922 837 1052 908 iterum
1069 838 1205 909 Achilli

158 955 269 1025 datis:
296 950 458 1048 ἄμβροτα
475 952 594 1046 τεύχεα
612 961 784 1023 vocantur

297 1097 430 1164 Πηλεΐδεω
441 1095 573 1168 Ἀχιλῆος,
584 1095 602 1150 ἅ
613 1099 638 1150 ol
650 1096 705 1151 θεαὶ
717 1098 874 1167 Οὐρανίωνες

296 1183 376 1254 πατρὶ
387 1183 459 1256 φίλῳ
469 1185 572 1254 ἔπορον·
591 1186 606 1236 ό
619 1183 641 1237 δ’
654 1183 704 1255 ἅμα
715 1179 737 1257 ᾦ
749 1185 822 1238 παιδὶ
834 1184 954 1242 ὄπασσεν

299 1266 406 1338 γονάς’·

158 1395 278 1464 Grave
307 1395 375 1465 hoc
409 1405 447 1466 et
476 1398 716 1490 magnificum,
746 1401 807 1471 sed
835 1400 934 1471 nullo
964 1425 1046 1472 cum
1077 1402 1207 1473 affectu

157 1513 402 1603 conjunctum.
453 1513 543 1595 Quis
567 1515 663 1583 enim
686 1537 758 1584 uon
777 1516 922 1600 diceret,
940 1520 1000 1588 vix
1022 1528 1061 1589 et
1085 1543 1131 1589 ne
1148 1520 1209 1589 vix

156 1628 301 1727 quidem
326 1628 364 1697 in
389 1630 534 1721 ancipiti
553 1628 678 1700 Marte
702 1633 842 1714 versari,
860 1634 921 1724 qui
944 1633 1009 1703 tali
1032 1634 1210 1703 frueretur

157 1742 356 1812 faventium
388 1743 591 1814 Numinum
624 1744 783 1816 auxilio?
847 1746 901 1816 Eo
931 1748 1043 1839 magis
1074 1749 1210 1817 excitat

157 1860 332 1942 remissos,
370 1860 547 1954 eligitque
589 1860 726 1930 animos
767 1860 857 1930 illud
899 1863 936 1930 iu
978 1861 1050 1932 fine
1089 1885 1210 1933 versus

158 1972 334 2056 additum,

337 2113 444 2123 -—
461 2083 521 2138 ἄλλ’
534 2085 584 2156 οὐχ
595 2085 650 2141 υἱὸς
662 2085 689 2138 ε’ν
701 2086 787 2140 ἔντεσι
798 2087 896 2157 πατρὸς
907 2086 996 2158 ἔγημα.

160 2221 386 2313 Necopinato
414 2223 570 2303 ferimur,
599 2231 637 2292 et
669 2224 842 2293 sentimus
867 2225 982 2315 plane,
1008 2246 1084 2292 uem
1110 2224 1211 2294 nobis

159 2360 331 2408 essenon
357 2361 440 2408 cum
458 2337 640 2420 Daemone,
666 2339 728 2408 sed
753 2360 836 2408 eum
860 2337 1016 2419 homine,
1043 2345 1081 2408 et
1104 2368 1208 2420 μινυν-

161 2450 262 2540 θαδίῳ
280 2453 435 2542 quidem.

211 2567 318 2651 Quod
348 2569 444 2638 idem
475 2568 596 2638 dedita
622 2590 730 2660 opera
757 2569 886 2661 saepius
909 2569 947 2637 in
974 2576 1133 2637 mentem
1157 2591 1212 2636 re-

162 2691 266 2753 vocat
290 2683 393 2753 uobis
417 2682 540 2766 Poeta,
565 2707 608 2754 ea
632 2691 733 2775 parte
758 2685 883 2776 operis,
914 2707 992 2776 quae
1017 2681 1209 2764 Achillem,

160 2823 242 2868 eum
267 2797 550 2889 splendidissimo
567 2799 629 2869 illo
653 2807 835 2890 apparatu,
851 2800 1088 2868 instauratum
1111 2797 1210 2887 quasi

160 2914 299 2982 reducit
329 2915 367 2982 in
393 2913 522 3005 praelia.
578 2913 779 2983 Audiamus
804 2913 965 2996 Thetida,
992 2934 1062 3003 quo
1092 2911 1211 2981 omine

161 3049 261 3097 arma
276 3038 401 3121 poscat
417 3028 510 3099 filio:

303 3173 406 3242 τὸνμὲν
418 3173 468 3242 ἐγὼ
481 3172 616 3243 θρέψασα,
629 3175 714 3243 φυτὸν
726 3175 760 3229 ὣς
770 3175 855 3245 γουνῷ
869 3172 962 3241 ἀλωῆς,

305 3259 396 3325 νηυσὶν
405 3258 559 3328 ἐπιπροέηκα
571 3259 708 3329 κορωνίσιν
714 3255 798 3312 Ἴλιον
810 3256 882 3321 εἵσω,

302 3345 391 3413 Τρωσὶ
402 3345 592 3412 μαχησόμενον·
611 3344 657 3396 τδν
669 3340 690 3395 δ’
704 3343 753 3411 οὐχ
765 3341 923 3410 ὑποδέξομαι
935 3339 1013 3403 αὖτις,

302 3423 387 3479 οἴκαδε
399 3426 571 3495 νοστήσαντα,
584 3427 663 3497 δόμον
675 3427 792 3496 Πηληίον
804 3425 867 3481 εἴσω
875 3427 898 3480 ¹³.

160 3580 361 3651 Audiamus
378 3583 423 3651 ab
440 3581 552 3651 altera
569 3591 670 3672 parte
684 3580 909 3651 Vulcanum:

304 3738 333 3793 αἴ
341 3741 392 3811 γάρ
403 3763 447 3809 μιν
459 3740 579 3794 θανάτοιο
591 3738 720 3808 δυαὴχεος
731 3736 781 3792 οἶδε
794 3739 915 3807 δυναίμην

303 3826 400 3894 νόσφιν
411 3825 571 3896 ἀποκρύψω,
584 3824 627 3880 ὅτε
637 3847 682 3894 μιν
692 3827 773 3895 μόρος
785 3821 855 3879 αἶνος
867 3824 956 3885 ἱκάνοι,

304 3908 339 3966 ὥς
351 3912 377 3963 οἶ
388 3909 481 3980 τεύχεα
493 3912 559 3964 κάλα
568 3910 731 3980 παρέσσεται
739 3918 760 3962 ⁰.

226 4074 309 4165 Ipse
339 4074 496 4154 tandem,
526 4074 686 4144 coelestia
718 4075 864 4143 indutus
897 4094 1003 4152 arma,
1038 4095 1143 4142 curru
1177 4081 1215 4142 et

163 4189 266 4280 equis
291 4188 552 4259 immortalibus
573 4196 706 4271 vectus,
729 4189 808 4256 Diis
830 4186 1102 4279 hominibusque
1126 4186 1215 4256 nihil

270 4339 285 4369 ⁸
304 4330 337 4385 ll.
350 4331 413 4386 xvii.
429 4344 487 4402 195.
621 4331 636 4367 ¹³
654 4331 726 4384 xviii.
740 4331 802 4400 438.
933 4337 946 4366 ⁰
965 4328 1035 4383 Ibid.
1048 4327 1109 4395 464.

685 4424 711 4471 H
