2738 4866
160 345 252 389 Pam.
264 347 319 387 χιι.
406 326 456 388 Do
471 326 632 388 Nausicaa
647 347 714 388 οιιιιι
727 326 790 388 sais
804 326 838 388 ιἰι
854 325 948 388 litore.
1139 328 1197 395 191

157 505 279 566 metuo
307 520 353 566 ne
380 520 502 588 parum
534 497 579 566 ad
606 519 681 566 rem
709 497 916 565 hodiernam
944 497 1060 566 faciat.
1113 496 1201 566 Esto

158 613 262 692 euim,
289 611 502 681 Nausicaam
527 613 618 703 regis
642 611 750 679 filiam
777 634 846 679 non
875 612 1041 680 dedecuit
1067 612 1202 710 ancillae

157 747 307 796 munus:
333 750 417 795 num
436 728 472 795 id
491 728 613 795 statim
634 750 704 816 prae
726 727 866 795 caeteris
887 734 963 795 erat
987 726 1203 818 eligendum,

156 863 225 929 quo
258 865 331 909 uno
366 850 571 932 occupatam
608 841 783 910 inveniret
816 842 1006 932 naufragus
1034 841 1203 932 Ulysses?

156 950 312 1022 Omnino
346 953 562 1024 credendum
597 963 651 1024 est
689 955 796 1023 etiam
832 955 868 1022 in
903 954 1032 1023 talibus
1073 954 1203 1023 habere

156 1089 312 1138 summos
348 1069 477 1138 Poetae
512 1093 581 1159 quo
616 1069 758 1138 oculum
793 1070 992 1149 intendant,
1028 1093 1093 1138 nec
1128 1070 1203 1137 sine

157 1185 266 1252 tacito
284 1187 436 1275 quodam
455 1185 599 1254 consilio
618 1196 655 1252 et
680 1208 802 1253 norma
820 1184 975 1277 deligere
993 1185 1076 1275 quid
1095 1187 1204 1275 potis-

157 1300 286 1368 simum
303 1309 456 1368 narrent.
496 1299 607 1392 Viget
634 1302 829 1368 etiamnum
853 1323 930 1369 mos
952 1299 1202 1381 Orientalibus,

156 1424 196 1483 ut
222 1415 306 1485 foris
332 1417 378 1484 ad
395 1415 542 1484 flumina
559 1425 674 1484 vestes
700 1416 819 1484 lavent
845 1416 1020 1497 mulieres
1047 1415 1203 1506 alioquin

156 1530 416 1623 religiosissime
441 1532 487 1601 ab
510 1531 621 1600 oculis
645 1533 796 1600 virorurn
824 1540 978 1600 remotae.
1030 1532 1101 1615 Qui
1127 1553 1204 1600 mos

157 1649 248 1716 etin
268 1647 379 1716 Iliade
398 1649 564 1740 tangitur,
584 1648 644 1715 ubi
662 1648 778 1716 fontes
792 1647 963 1738 quosdam
977 1649 1077 1737 ponit
1091 1646 1204 1716 Poeta

158 1764 255 1853 quasi
272 1772 405 1831 metam
426 1763 596 1833 Hectorei
614 1759 775 1832 cursusb:

301 1965 429 1978 ........
435 1965 447 1995 ¹.
459 1967 464 1978 .
477 1965 482 1978 .
493 1925 602 1979 ,πλυνοὶ
614 1925 699 1995 εὐρέες
711 1925 787 1996 ἐγγὺς
799 1926 881 1988 ἔασιν,

298 2010 382 2073 καλοὶ,
394 2007 500 2074 λαΐνεοι,
514 2009 555 2065 ὅθι
567 2009 657 2080 εἵματα
670 2014 826 2081 σιγαλόεντα

297 2095 443 2151 πλύνεσκον
454 2099 548 2164 Τρώων
559 2098 661 2167 ἄλοχοι,
675 2099 751 2150 καλαί
763 2120 791 2151 τε
803 2096 937 2168 θύγατρες,

297 2181 438 2252 τοπρὶνέπ’
451 2181 559 2252 εἰρήνης,
572 2185 633 2253 πρὶν
645 2183 731 2238 ἐλθεῖν
743 2180 798 2238 υἷας
809 2182 929 2252 Ἀχαιῶν.

159 2323 246 2406 Quae
274 2332 311 2391 et
338 2324 413 2414 ipsa
440 2324 641 2392 dulcissima
671 2332 764 2404 sunt,
793 2323 872 2392 luce
898 2323 1047 2413 quadarn
1076 2322 1205 2391 securi-

157 2438 240 2506 tatis
274 2445 312 2505 et
346 2439 419 2518 otii,
455 2439 659 2508 brevissimo
694 2441 862 2530 temporis
891 2450 1034 2530 puncto,
1062 2440 1095 2506 iu
1128 2461 1203 2506 rem

157 2552 411 2621 atrocissimam
437 2562 602 2621 revocata
627 2577 667 2622 ac
695 2553 821 2623 refusa.
875 2553 949 2624 Vix
981 2562 1102 2621 autem
1128 2553 1202 2621 lieri

157 2668 284 2759 potuit,
319 2669 403 2758 quin
440 2667 610 2749 Homero,
645 2669 738 2738 circa
773 2692 872 2737 suam
906 2667 1032 2737 Asiam
1064 2670 1203 2750 erranti,

158 2786 249 2853 siout
288 2792 325 2853 ct
359 2782 465 2852 hodie
501 2784 816 2876 peregrinantibus
851 2784 979 2874 saepius
1013 2785 1050 2851 in
1085 2783 1204 2852 oculos

157 2902 368 2970 incurrerint
393 2922 444 2982 ea,
463 2902 590 2991 quibus
616 2902 676 2971 illc
699 2924 797 2970 suam
821 2901 959 2969 ornavit
978 2900 1203 2969 Nausicaam.

157 3017 240 3086 Jarn
260 3015 344 3084 talia
360 3016 398 3083 in
416 3016 550 3085 deliciis
567 3017 731 3086 habuisse
748 3017 872 3085 mitem
892 3025 1000 3106 atque
1022 3026 1205 3106 comptum

157 3154 288 3213 senem,
307 3132 509 3201 testimonio
536 3134 606 3201 sint
633 3155 753 3201 versus
777 3156 798 3201 a
823 3132 1029 3222 Thucydide
1051 3133 1204 3224 repetiti,

156 3248 350 3337 pretiosum
374 3247 488 3336 siquid
512 3247 606 3316 aliud
634 3243 808 3337 λείψανον.
862 3247 1026 3316 Deliacas
1052 3247 1205 3339 virgines

157 3360 292 3432 salvere
303 3361 409 3450 jubet
428 3360 577 3431 Poeta⁰z

297 3522 357 3576 ἀλλ’
370 3522 451 3593 ἄγεθ’,
463 3522 549 3590 ἰ’λιμεοι
560 3525 607 3592 μὲν
618 3524 764 3587 Ἀπόλλων,
776 3522 909 3593 Ἀρτέμιδί
921 3526 976 3592 ξυν,
1077 3564 1079 3567 .

298 3608 402 3678 χαίρετε
415 3608 437 3661 δ’
450 3609 521 3677 ὑμεῖς
532 3608 623 3663 πόσαι·
644 3610 713 3678 ε’μεῖο
726 3610 754 3663 δὲ
767 3610 807 3662 καὶ
819 3610 977 3679 μετόπισθεν

297 3694 427 3764 μνήσασθ’
429 3736 437 3758 ,
451 3695 548 3750 ὅπποτε
560 3696 604 3751 κέν
615 3720 654 3753 τις
666 3697 818 3768 ἐπιχθονίων
829 3698 969 3767 ἀνθρώπων

296 3778 382 3835 duda&
395 3780 523 3850 ἀνείρηται
535 3784 618 3850 ξεῖνος
628 3785 794 3853 ταλαπείριος
804 3781 897 3837 ἔλθων·

298 3866 427 3939 ὧκούραι,
440 3870 479 3924 τὶς
492 3868 513 3922 δ’
526 3868 603 3939 ὔμμιν
615 3870 678 3941 ἀνὴρ
691 3871 798 3939 ἥδιστος
809 3871 902 3923 ἀοιδῶν

294 3951 387 4007 ένθαδε
398 3957 531 4018 πωλεῖται,
545 3958 586 4009 καὶ
598 3960 634 4027 τῷ
646 3955 774 4025 τέρπεσθε
785 3955 916 4024 μάλιστας

298 4041 369 4108 ὑμεῖς
380 4039 403 4094 δ’
416 4039 445 4094 εὖ
456 4041 526 4110 μάλα
538 4041 619 4099 πάσαι
632 4039 804 4112 ὑποκρίνασθε
817 4040 933 4110 ἀφήμως·

298 4126 400 4197 τύφλος
410 4127 482 4198 ἀνὴρ,
495 4129 558 4182 οἶκεῐ
570 4129 598 4181 δὲ
608 4129 661 4200 Χίῳ
672 4126 710 4183 ἔνι
722 4126 914 4194 παιπαλοέσσῃ.

174 4325 189 4362 b
209 4325 240 4378 ll.
254 4327 317 4380 xxii.
334 4340 392 4396 153.
586 4340 589 4352 ‘
607 4337 619 4364 ⁰
639 4329 741 4400 Hymn.
754 4330 782 4382 in
795 4329 883 4397 Apoll.
900 4327 965 4394 165,
985 4326 1071 4379 Thuc.
1085 4343 1111 4394 3.
1128 4342 1186 4391 104.
