2738 4866
159 353 257 393 rann.
270 351 304 394 rr.
449 333 500 395 Dc
513 333 710 397 sacrosanctis
723 334 924 420 macionibus.
1170 339 1216 402 23

160 508 270 590 atque
283 502 457 593 imperitis
475 503 587 573 facilis
604 505 650 574 sit
668 505 841 596 ejusmodi
854 527 979 575 sermo.
1025 504 1153 596 Itaque
1166 505 1212 576 ad

161 616 281 684 omnia
306 617 496 709 confugere
521 617 648 702 solent,
665 619 692 688 si
712 621 818 688 modo
839 625 902 689 aut
920 619 1073 710 corporis
1096 628 1212 712 gestu,

160 734 224 796 aut
247 737 349 798 motu
375 730 568 812 oculorum,
595 740 658 801 aut
684 732 779 801 vocis
802 733 983 814 varietate,
1006 741 1069 802 aut
1094 733 1212 826 aliqua

161 845 305 912 tandem
324 845 461 914 ratione
477 844 631 915 latentes
644 847 785 916 valeant
799 845 902 916 solari
920 847 1078 918 affectus.
1105 849 1212 932 Quod

160 957 273 1027 sicubi
294 957 445 1028 feliciter
465 962 549 1050 ipsis
575 961 698 1043 evasit,
714 964 846 1031 amieos
873 964 981 1030 etiam
1007 971 1046 1032 et
1070 964 1212 1055 propin-

160 1095 259 1162 quos,
276 1074 406 1163 partim
428 1096 557 1155 amore,
575 1077 704 1166 partim
728 1076 970 1156 admiratione,
988 1078 1118 1167 partim
1134 1079 1216 1168 ipso

160 1187 323 1256 imitandi
338 1189 455 1257 studio
469 1189 593 1258 eadem
608 1197 807 1260 tentaturos
820 1191 893 1258 veri
907 1197 961 1260 est
975 1189 1209 1262 simillimum:

160 1300 274 1370 donee
291 1303 542 1372 inveteraverit
557 1304 681 1396 religio
699 1304 873 1395 quaedam,
891 1326 969 1394 quae
991 1307 1122 1375 mutari
1142 1307 1213 1376 ista

160 1414 324 1484 omittive
340 1417 539 1508 prohibeat.

224 1527 321 1600 Hine
351 1531 683 1625 illa—(ignoscite,
717 1555 844 1625 quaeso,
872 1532 1093 1618 Academici,
1123 1534 1211 1605 sicui

161 1641 252 1712 forte
270 1653 427 1714 vestrum
446 1646 567 1715 videar
586 1647 743 1738 proferre
761 1647 966 1738 exemplum
984 1648 1152 1717 audacius
1173 1657 1212 1718 et

159 1761 311 1851 gravius,
339 1784 446 1852 quam
476 1785 540 1852 pro
569 1764 620 1831 rei
650 1764 838 1853 propositae
866 1762 1211 1856 dignitate:)-hine

160 1872 229 1955 illa,
247 1874 403 1965 inquam,
423 1875 661 1945 Sanctissimae
685 1876 809 1946 Crucis
832 1884 910 1945 toto
929 1885 1102 1947 terrarum
1125 1879 1211 1949 orbe

161 1991 350 2059 veneratio.
416 1991 526 2081 Cujus
564 1991 666 2060 initia
705 1991 883 2060 Naturam
921 1992 1032 2082 ipsam
1071 1993 1211 2083 piorum

159 2111 298 2174 mentes
321 2103 416 2174 ultro
437 2108 586 2176 edocere
609 2107 775 2197 potuisse,
798 2107 859 2174 vix
888 2108 966 2189 erit,
994 2107 1127 2198 opinor,
1149 2108 1211 2199 qui

159 2228 352 2311 negaturus
379 2220 434 2290 sit.
499 2220 596 2303 Quid
625 2221 721 2288 enim
754 2228 828 2288 tam
862 2229 996 2289 naturae
1027 2229 1212 2291 consenta-

159 2357 277 2415 neum,
296 2357 402 2425 quam
419 2335 456 2403 in
474 2335 550 2425 ipso
568 2357 685 2403 rerum
702 2356 845 2403 suarum
861 2335 1012 2404 articulo
1028 2335 1137 2428 Regis
1155 2337 1209 2407 sui

159 2456 328 2539 tanquam
347 2457 479 2519 tessera
502 2449 590 2518 fidos
613 2471 651 2518 se
672 2450 810 2518 munire
831 2449 987 2520 milites?
1039 2450 1083 2520 Id
1103 2452 1212 2520 modo

159 2563 353 2633 dolendum
383 2587 425 2634 ac
456 2564 729 2655 deprecandum,
759 2565 855 2655 quod
889 2564 1055 2656 opinione
1090 2588 1213 2636 neces-

159 2679 274 2747 sitatis
296 2680 472 2770 adjuncta,
491 2687 553 2749 aut
576 2679 672 2747 nudo
694 2680 793 2770 signo
814 2679 945 2770 placari
967 2703 1070 2771 posse
1091 2679 1210 2749 Deum

159 2793 383 2875 arbitrantur,
405 2803 468 2864 aut
490 2795 588 2885 quasi
609 2817 673 2885 per
693 2796 847 2886 magicas
870 2802 975 2876 artes,
1000 2795 1136 2886 corpori
1157 2817 1212 2864 re-

158 2907 327 2989 medium,
345 2932 417 2978 uon
434 2910 553 2978 animo
570 2908 737 2977 solatium
754 2909 926 2978 adhiberi.

210 3021 371 3090 Eandem
389 3021 643 3112 Reliquiarnm,
662 3045 749 3114 quas
770 3031 910 3104 vocant,
934 3024 1109 3092 rationem
1133 3045 1210 3093 esse

158 3158 213 3204 res
231 3137 307 3226 ipsa
323 3135 490 3226 loquitur.
531 3135 765 3205 Moerentium
782 3138 897 3228 primo
909 3137 1100 3207 orbitatem
1116 3137 1211 3206 mul·

159 3260 262 3321 cent:
289 3253 434 3326 servatis
461 3251 590 3322 deinde
617 3251 723 3344 longo
746 3260 827 3344 post
854 3260 1015 3342 tempore
1045 3258 1210 3321 sanctum

158 3366 277 3436 nescio
301 3366 386 3458 quid
411 3391 453 3438 ac
478 3367 619 3438 salubre
643 3368 727 3459 ipsis
751 3389 876 3460 perse
903 3368 1017 3437 inesse
1040 3366 1210 3436 creditur.

160 3477 214 3550 Ut
236 3481 325 3551 illud
342 3481 587 3575 gravissimum
611 3483 647 3552 in
664 3504 816 3574 praesens
833 3481 1013 3572 disputare
1030 3481 1207 3562 omittam,

158 3616 203 3662 an
223 3593 357 3662 caelitus
373 3595 481 3662 etiarn
499 3595 719 3685 comprobari
736 3594 924 3664 videantur
944 3593 1060 3663 multa
1076 3602 1208 3663 morta-

158 3707 246 3776 lium
264 3708 302 3776 in
318 3707 372 3776 his
389 3706 495 3776 rebus
505 3707 652 3798 judicia.

209 3822 306 3905 Quid
322 3823 367 3892 de
385 3820 574 3891 Ominibus
591 3821 707 3891 dicam
725 3828 762 3892 et
781 3821 970 3904 Portentis,
989 3831 1026 3891 et
1044 3821 1208 3891 universo

158 3958 281 4006 eorum
306 3959 448 4029 genere,
472 3960 623 4028 quorum
648 3959 716 4027 ope
742 3937 862 4006 futura
887 3937 1095 4016 divinantes,
1121 3959 1209 4027 prae-

157 4052 279 4121 sertim
304 4051 450 4134 indocti,
468 4053 558 4121 mire
581 4050 647 4121 sibi
670 4050 836 4141 placenti
888 4050 980 4118 Cum
1004 4057 1127 4119 amant
1144 4050 1208 4119 ho-

155 4167 271 4236 mines
299 4167 468 4258 impense,
500 4189 581 4236 cum
605 4172 774 4236 metuunt
799 4187 841 4235 ac
867 4165 1026 4255 cupiunt,
1053 4186 1137 4234 cum
1163 4167 1207 4234 de

156 4282 273 4372 capite
307 4301 371 4351 suo
403 4288 467 4350 aut
501 4303 655 4361 suorum,
686 4280 732 4348 de
760 4279 875 4371 patria
907 4288 971 4349 aut
1006 4279 1094 4349 caris
1127 4302 1208 4370 pro·

155 4395 306 4488 pinquis,
327 4397 576 4487 expectatione
599 4417 641 4464 ao
664 4395 852 4464 formidine
872 4393 1013 4485 trepidi,
1031 4392 1094 4462 diu
1115 4393 1209 4488 mul·
