2738 4866
199 323 264 386 858
459 315 611 397 Πρόνοιαν
625 315 659 376 in
677 311 812 376 Orestas
827 311 994 374 mndicarc‘.
1085 331 1181 374 unns.
1193 331 1247 376 xx.

201 503 314 567 tatem
349 514 419 561 nou
453 490 542 560 adeo
574 495 709 568 curant,
743 486 849 555 modo
884 486 1066 579 ingenioso
1098 485 1248 577 quodam

199 599 408 679 eventorum
432 605 516 675 orbe
537 627 612 673 rem
634 625 704 693 quo
731 624 819 693 opus
844 601 890 670 sit
911 600 1083 670 deferant.
1138 599 1248 671 Verbi

198 724 328 817 gratia:
351 722 436 813 quid
453 719 550 790 aliud
568 719 641 811 agit
656 717 712 787 vel
729 717 804 808 ipse
817 715 1011 807 Sophocles
1028 717 1065 784 in
1084 714 1251 785 laudatis-

200 840 290 910 simo
307 837 369 906 illo
382 836 522 927 OEdipo,
545 857 650 925 quam
669 832 780 902 veluti
804 831 1033 901 mactandum
1051 832 1173 912 tradit,
1192 832 1250 899 de-

201 961 284 1024 voto
298 953 424 1044 capite,
437 952 551 1020 virum
569 972 640 1018 uon
658 949 764 1018 modo
781 947 965 1016 innoxium
985 947 1172 1016 sedetiam
1190 970 1250 1038 op-

200 1069 289 1138 time
306 1068 351 1137 de
369 1066 532 1136 omuibus
556 1064 737 1146 meritum,
754 1063 859 1133 rebus
875 1071 950 1132 tam
967 1070 1086 1144 acute,
1102 1070 1248 1152 tamque

200 1183 373 1254 concinne
398 1180 574 1272 dispositis
600 1180 637 1248 in
662 1179 739 1270 ejus
760 1178 923 1259 exitium,
949 1177 1048 1268 quasi
1075 1200 1139 1268 pro
1164 1177 1247 1247 ludo

199 1322 240 1369 ac
274 1297 409 1369 deliciis
438 1296 568 1365 habeat
600 1293 758 1374 Numen,
792 1315 922 1384 ponere
950 1291 1095 1384 laqueos
1125 1294 1248 1363 imme-

200 1413 383 1485 rentibus?
418 1410 605 1503 AEschylus
631 1409 736 1502 louge
758 1408 870 1490 aliter,
897 1432 1012 1499 neque
1037 1409 1158 1500 paullo
1175 1433 1247 1480 me·

198 1528 286 1598 llus:
312 1529 372 1619 qui
391 1526 557 1595 uimimm
575 1526 612 1594 id
630 1525 817 1617 praecipue,
830 1524 897 1593 sibi
915 1523 1001 1592 velit
1018 1535 1060 1593 ut
1076 1524 1247 1607 Deorum,

199 1644 364 1726 rationes,
391 1642 519 1733 quibus
544 1640 594 1710 illi
630 1640 793 1711 mortalia
817 1640 1026 1733 gubenreut,
1061 1650 1141 1710 tum
1174 1643 1247 1734 ipse

200 1765 354 1840 tueatur,
380 1767 459 1825 tum
493 1755 634 1825 caeteris
667 1756 784 1826 tradat
818 1755 976 1824 tuendas.
1033 1753 1248 1824 Continetur

199 1894 337 1946 summa
376 1874 451 1964 ejus
488 1870 764 1963 Tragoediamm,
789 1894 860 1940 non
889 1872 1060 1940 narrando
1088 1873 1174 1962 quid
1203 1873 1248 1942 sit

199 1985 334 2054 factum
375 1986 656 2078 Agamemnone,
697 1985 921 2068 Prometheo,
959 1985 1147 2076 OEdipode,
1186 1988 1246 2056 sed

201 2099 438 2192 explicatione
465 2100 557 2170 clara
584 2111 621 2170 et
648 2101 775 2171 illustri
800 2101 1024 2171 consiliorum
1051 2125 1074 2170 a
1099 2102 1247 2172 Summo

203 2215 356 2286 Rectore
375 2217 419 2286 de
437 2218 711 2308 uniuscujusque
729 2218 879 2287 fortunis
896 2219 1076 2287 initorum.

262 2329 344 2401 Jam
379 2332 535 2422 quisquis
569 2332 665 2401 istud
700 2334 797 2423 quasi
835 2331 934 2401 iilum
973 2354 1081 2401 manu
1122 2343 1247 2403 tenens

199 2445 323 2514 seriem
363 2445 461 2514 illam
505 2446 825 2538 Agamemnoniam
864 2445 1051 2539 diligenter
1095 2446 1247 2531 evolvet,

199 2561 370 2651 ejusmodi
406 2560 528 2643 ferme,
563 2562 600 2629 ni
634 2560 744 2642 fallor,
779 2562 936 2630 inveniet
977 2562 1132 2652 partium
1172 2564 1246 2653 ejus

200 2677 397 2756 discrimen,
434 2687 474 2746 ut
509 2679 660 2768 primum
697 2679 733 2745 in
767 2678 843 2767 ipso
875 2677 1157 2769 Agamemnone,
1184 2703 1245 2772 per

198 2794 310 2862 nubes
336 2804 374 2862 et
397 2793 595 2885 caliginem,
614 2795 828 2886 cogitatione
855 2797 1058 2887 praecipiant
1085 2795 1245 2867 homiues

197 2915 382 2975 venturam
406 2906 512 2998 longo
539 2916 619 2997 post
643 2916 803 2998 tempore
821 2907 890 2977 Dei
907 2909 1093 2992 ultionem,
1114 2913 1242 3001 partim

197 3023 369 3112 expressis
399 3021 583 3103 vaticiniis
609 3024 737 3113 partim
771 3047 809 3092 re
839 3025 913 3115 ipsa
940 3025 1045 3106 docti,
1077 3025 1153 3095 fore
1184 3025 1243 3094 ali-

194 3138 335 3227 quando
362 3139 422 3229 qni
453 3136 663 3228 supplicium
691 3147 818 3208 sumat.
870 3138 1086 3209 Gravissima
1115 3142 1242 3210 deinde

194 3252 233 3330 in
266 3251 485 3343 Choephoris
528 3253 678 3334 oracula,
721 3251 949 3344 Deorumque
985 3254 1117 3324 diserta
1144 3256 1242 3347 jussa

195 3388 236 3433 ac
262 3367 441 3435 ministros
466 3367 649 3436 habemus.
702 3367 866 3460 Denique
893 3369 1109 3439 Eumenides
1135 3373 1241 3440 tertio

195 3479 273 3550 loco
290 3503 363 3549 rem
383 3504 525 3550 omnem
543 3482 797 3553 conficiendam
815 3486 898 3576 ipsis
913 3483 1132 3554 Numinibus
1146 3509 1241 3555 com-

195 3596 354 3678 mittunt,
386 3595 544 3688 Apollini
576 3597 741 3667 videlicet
775 3621 816 3668 ac
851 3598 1033 3681 Minervae,
1068 3623 1240 3691 supremae

195 3708 289 3779 illius
323 3711 516 3782 voluntatis
550 3714 811 3804 interpretibus.
876 3713 1003 3784 Nodus
1035 3716 1155 3808 igitur,
1182 3716 1241 3808 qui

195 3826 332 3909 dicitnr,
352 3830 503 3897 universi
528 3828 714 3912 Poematis,
733 3832 769 3898 in
796 3831 1066 3926 Agamemnone
1087 3833 1241 3923 primum

192 3944 356 4023 nectitur,
389 3945 516 4013 deiude
557 3946 592 4012 in
628 3945 845 4038 Choephoris
879 3948 1091 4038 implicatior
1124 3949 1167 4018 fit
1201 3973 1242 4019 ac

194 4058 321 4140 durior,
352 4068 530 4150 postremo
558 4063 650 4152 apud
681 4062 897 4133 Eumenidas
930 4065 981 4133 ita
1006 4062 1165 4147 solvitur,
1200 4080 1240 4135 ut

193 4196 263 4255 nou
299 4182 372 4243 tam
408 4177 515 4254 divini
551 4177 686 4256 consilii
720 4179 893 4249 rationem
928 4188 1095 4281 exponat,
1131 4203 1241 4272 quam
