2738 4866
219 322 284 398 154
438 323 604 389 Ηοοιινιιοι
619 335 682 389 tum
695 325 807 410 spatia
823 335 1045 411 ιιιοεοιιηιονο,
1127 346 1267 395 meu-a

217 491 480 581 comparatione
496 491 686 584 multiplici
702 501 740 563 et
755 502 872 566 acuta
922 495 1021 589 Quin
1040 495 1100 565 sui
1124 495 1266 589 Oblitus,

219 614 335 675 totum
362 629 400 676 se
425 609 543 689 tradit,
566 616 607 678 ut
632 610 683 678 ita
709 609 834 692 dicam,
851 607 987 680 Achilli
1013 630 1098 683 suo:
1124 620 1266 680 ne'non

218 721 427 812 simpliciter
453 730 490 792 et
525 723 709 794 evidenter
743 733 893 807 enarret,
928 748 1035 816 quam
1070 725 1172 796 nullo
1207 726 1265 796 ille

218 838 362 930 negotio
379 837 504 908 hostes
516 839 560 908 ad
574 862 684 908 unum
699 862 822 910 omnes
840 840 1006 910 obruerit.
1040 837 1172 931 Itaque
1185 864 1265 922 non,

218 962 260 1022 ut
280 953 444 1022 Lowthio
464 953 658 1035 videbatur,
680 953 912 1023 conferendus
933 961 1009 1022 erat
1032 954 1119 1022 cum'
1134 954 1264 1024 tribulo

218 1068 293 1158 ipse
315 1065 495 1137 Achilles:
522 1069 631 1137 immo
657 1069 731 1160 ipse
755 1055 907 1138 invictus
929 1067 1102 1138 tribulum
1117 1070 1264 1161 agebat,

218 1185 317 1274 quasi
347 1184 498 1253 neminis
527 1207 668 1275 prorsus
697 1185 734 1253 in
764 1206 871 1254 manu
902 1184 1004 1253 foret.
1066 1184 1144 1254 Nisi
1175 1185 1265 1255 forte

218 1299 372 1390 petimus
395 1321 417 1367 a
441 1298 611 1390 scriptore
629 1297 796 1381 Ethnico,
814 1306 855 1367 ut
880 1308 997 1369 servet
1019 1299 1153 1390 ubique
1177 1322 1264 1368 verae

218 1411 396 1504 religionis
425 1435 595 1494 normam,
629 1413 932 1496 habitatatione,
961 1413 1017 1482 vel
1051 1405 1096 1485 in*
1117 1412 1182 1482 tali
1216 1437 1264 1496 re,

218 1515 289 1597 Dei
306 1527 534 1621 gnbemantis
552 1529 680 1599 omnia.

270 1645 414 1714 Lubens
431 1652 551 1714 tamen
575 1645 756 1726 confiteor,
772 1644 927 1713 immane
944 1652 1119 1735 quantum
1137 1644 1263 1714 distare

219 1758 263 1829 ab
298 1758 531 1830 Hebraeorum
567 1760 754 1851 majestate
788 1769 864 1830 tem
898 1783 949 1842 ea,
983 1780 1096 1858 quaml
1126 1759 1155 1829 si
1190 1782 1263 1850 quae

218 1898 366 1966 usquam
394 1876 503 1946 habet
529 1875 665 1945 Noster
690 1876 735 1946 de
760 1875 864 1945 rebus
889 1875 1088 1968 agrestibus
1113 1884 1263 1966 sumpta.

219 1989 290 2073 Qui
316 1992 391 2060 fieri
417 1993 534 2083 potuit
559 1990 686 2061 aliter?
712 2014 793 2061 eum
818 1992 966 2061 istarum
991 1991 1189 2084 imaginum
1214 1991 1263 2060 vis

218 2105 291 2175 fere
318 2108 431 2176 omnis
457 2106 502 2176 ab
527 2129 570 2176 eo
596 2107 760 2199 pendeat,
783 2115 826 2175 ut
851 2107 1014 2175 maximae
1037 2129 1186 2198 quaeque
1211 2129 1263 2176 res

99 2221 108 2228 ’
218 2231 466 2314 comparentur
483 2245 565 2292 oum
582 2223 738 2293 minimis
754 2230 793 2292 et
810 2222 1059 2292 usitatissimis

268 2337 406 2409 Verum
431 2338 475 2407 ad
502 2338 667 2429 exempla
692 2337 892 2407 Homericae
917 2334 1127 2407 rusticitatis
1157 2336 1264 2426 (absit

216 2453 324 2521 verbo
351 2453 496 2544 invidia)
524 2454 720 2522 redeamus.
773 2451 929 2524 Omnino
959 2451 1105 2521 solenne
1131 2459 1187 2522 est
1213 2450 1263 2520 illi

216 2568 487 2660 magnitudines,
504 2568 669 2660 pondera,
679 2577 889 2659 temporum
910 2557 1112 2648 intervalla?
1126 2590 1190 2658 per
1206 2589 1263 2635 eas

216 2684 439 2775 potissimum
464 2692 565 2753 notas
592 2684 757 2766 dimetiri,
783 2683 911 2774 quibus
933 2682 991 2752 vel
1015 2681 1124 2752 hodie
1151 2681 1261 2752 delec-

216 2804 337 2867 tantur
354 2798 529 2890 agricolae..
577 2797 689 2869 Verbi
707 2801 858 2890 gratia³z

355 2940 429 3001 Ἀλλ’
443 2940 486 2994 ὅτε
498 2940 529 3008 δὴ
541 2913 564 3010 Ji’
577 2937 665 3008 ἀπέην,
678 2938 763 2994 ὅσσον
775 2939 797 2994 τ’
807 2940 914 3012 ἐπίουρα
925 2940 1052 2995 πέλονται

355 3025 536 3094 ἡμιόνων-αἱ
548 3027 598 3096 γάρ
611 3048 639 3079 τε
650 3027 720 3086 βοῶν
731 3025 941 3097 προφερέστεραι
954 3020 1021 3079 εἶσιν

357 3111 488 3180 ἑλκέμεναι
501 3114 577 3165 νειοῖο
589 3112 695 3179 βαθείης
706 3113 802 3180 πῆκτον
813 3111 932 3181 ἄροτρον.
1120 3188 1123 3192 ι

215 3229 336 3326 Atque
362 3232 456 3303 haud
482 3234 705 3303 incommode
732 3234 878 3303 fortasse
904 3256 986 3302 oum
1012 3232 1067 3302 his
1092 3242 1261 3324 poterunt

215 3347 376 3456 conferri,
406 3370 486 3438 quae
522 3349 714 3439 quodam
704 3372 741 3416 ιιι
771 3348 850 3417 loco
881 3347 1113 3417 Sacrosancta
1144 3357 1260 3416 narrat

215 3448 301 3548 Hist
286 3463 375 3534 toria
402 3463 446 3532 de
475 3465 635 3555 praesidio
667 3464 927 3545 Philistaeorum
960 3488 981 3534 a
1010 3465 1150 3534 duobus
1187 3463 1260 3533 He-

213 3557 313 3666 bracis
335 3577 472 3648 deleo
499 3580 598 3670 qu'us
617 3578 679 3648 illa
696 3581 884 3649 stationem
903 3579 1065 3648 similiter
1085 3578 1259 3647 limitibus

213 3693 258 3762 ab
281 3694 413 3763 arando
436 3695 552 3764 ductis
579 3694 729 3764 definiti.
791 3694 880 3777 Quae
907 3703 1028 3764 autem
1057 3691 1259 3763 Homericis

108 3863 110 3868 ·
213 3798 404 3919 subjiciunt
406 3833 457 3892 ur,
481 3808 645 3880 clausulae
669 3809 826 3879 ritu—ai
849 3805 917 3940 γὰρ
940 3840 988 3889 τε,
1011 3839 1039 3877 κ.
1054 3838 1088 3878 τ.
1101 3816 1259 3900 λ.-ιιιιο

213 3925 330 3997 minus
356 3949 430 3996 esse
449 3926 635 3995 videantur
658 3949 678 3995 e
701 3949 739 3995 re
763 3925 914 4016 poetica,
938 3932 1040 3993 tanto
1064 3946 1106 3993 ea
1131 3923 1258 3994 elanus

215 4020 381 4150 indicant
378 4066 510 4112 verum
529 4043 704 4126 colonum,
723 4065 806 4111 vero
824 4041 943 4110 labore
961 4048 1157 4148 assuetum.

248 4144 429 4319 irnsdtmdrdilr.
441 4282 481 4330 14.
507 4266 569 4320 Et
578 4265 693 4320 faetaest
701 4265 879 4344 plagapnma,
888 4282 941 4336 qua
949 4263 1081 4334 percussu
1089 4261 1222 4316 Jonathas
1231 4268 1256 4313 et

213 4346 326 4418 armiger
343 4347 408 4416 ejus,
423 4347 502 4418 quasi
514 4349 609 4418 viginti
626 4350 744 4403 virorum
761 4348 791 4402 in
808 4347 895 4402 media
912 4355 986 4418 parte
1000 4345 1097 4418 jugeri,
1109 4362 1193 4418 quam
1209 4359 1255 4415 par

212 4433 314 4516 bourn
307 4452 336 4489 ιιι
348 4433 474 4488 dicarare
486 4436 652 4490 consuevitss'
678 4435 760 4506 Vulg.
