2738 4866
156 336 223 402 aro
308 305 948 415 unbauranamma:
1029 355 1204 397 mm.

157 504 284 573 sertim-
310 503 493 594 Odysseiae
524 501 614 584 libri,
644 501 772 591 quibus
802 503 911 572 tacite
945 505 1205 593 quodammodo

157 622 387 692 conferuntur
402 620 497 689 inter
513 642 550 689 se
568 640 752 709 procorum
771 627 809 687 et
827 618 963 688 Eumaei
984 620 1149 711 hospitia.

207 849 265 919 Ex
281 849 337 918 his
353 847 517 918 omnibus
533 845 624 916 effici
643 847 793 926 videtur,
811 855 852 915 ut
874 849 912 915 iu
936 870 974 916 re
997 859 1212 938 pervetusta

157 972 266 1054 atque
285 964 322 1032 in
346 983 474 1054 magna
496 969 681 1029 auctorum
705 961 861 1050 penuria,
878 960 1026 1028 minime
1048 970 1207 1031 contem-

159 1079 277 1147 nenda
310 1076 479 1147 Historiae
513 1074 695 1145 consensio
726 1096 807 1143 cunr
843 1073 885 1143 iis
918 1097 997 1164 quae
1031 1097 1077 1143 ex
1112 1074 1207 1145 libris

23 1273 26 1278 .
159 1191 268 1282 ipsius
296 1189 444 1282 augurio
473 1186 645 1280 probabili
676 1188 807 1279 poterit
838 1187 917 1278 quis
950 1210 1085 1257 eruere.
1154 1188 1207 1258 Eo

159 1306 308 1376 alacrius
325 1306 542 1398 pergendum
561 1304 629 1371 erit
646 1303 690 1372 ad
713 1311 868 1384 cataros,
885 1302 1089 1394 quicunque
1107 1303 1207 1373 Grai-

160 1444 261 1490 orum
297 1431 376 1513 post
412 1419 611 1488 Homerum
641 1418 773 1488 eximie
806 1416 1003 1486 floruerunt
1036 1420 1207 1508 primaria

162 1534 314 1604 Poeseos
347 1534 470 1626 gloria.
523 1532 589 1602 Est
623 1541 745 1601 autem
776 1533 869 1622 quod
904 1533 942 1600 iu
974 1533 1052 1623 ipso
1087 1531 1212 1602 limine

160 1657 331 1731 occurrat,
348 1671 390 1718 ao
407 1647 667 1717 dubitationem
683 1647 860 1737 quandam
877 1669 949 1715 non
970 1645 1089 1716 levem
1109 1649 1208 1717 nobis

160 1766 320 1835 incutere
338 1765 508 1834 videatur.
553 1762 784 1856 suspicantur
800 1761 978 1846 videlicet,
997 1764 1118 1834 minus
1135 1763 1210 1833 feli-

161 1880 251 1948 citer
263 1886 382 1948 actum
397 1880 439 1947 iri
453 1901 534 1947 cum
549 1900 632 1948 vera
645 1877 758 1957 Poesi‚
773 1877 802 1946 si
816 1900 885 1968 qua
897 1878 990 1946 forte
1004 1879 1041 1946 iu
1056 1880 1207 1972 regione,

162 1995 220 2084 qui
250 1996 412 2086 princeps
438 2017 517 2064 eam
545 2002 658 2064 artem
685 1993 829 2073 coleret,
854 1994 884 2062 is
911 1995 1042 2084 primas
1070 2018 1207 2086 quoque

162 2109 321 2177 omnium
332 2109 469 2200 judicio
487 2109 620 2191 tulerit,
634 2109 687 2179 ita
701 2117 743 2177 ut
761 2108 849 2176 nihil
866 2131 1007 2200 prorsus
1020 2110 1138 2181 simile
1150 2119 1208 2180 aut

162 2223 356 2292 secundum
380 2225 446 2293 sibi
472 2223 612 2294 habeat.
664 2224 791 2314 Itaque
814 2247 896 2293 cum
914 2223 1096 2295 Homerus
1122 2248 1208 2294 unus

162 2337 332 2417 omnium,
356 2339 415 2428 qui
445 2361 597 2428 usquam·
621 2338 696 2408 ullo
719 2347 880 2430 ternpore
907 2337 1097 2409 Musarum
1125 2365 1209 2433 opus

162 2451 233 2519 sint
278 2453 462 2543 auspicati,
505 2452 709 2544 plenissima
753 2454 967 2522 auctoritate
1010 2455 1208 2546 regnaverit

162 2567 257 2656 apud
281 2589 371 2649 suos,
390 2576 523 2661 negant
548 2568 652 2638 facile
676 2569 751 2637 fieri
774 2570 943 2660 potuisse,
960 2577 1002 2638 ut
1026 2572 1206 2662 quisquam

162 2704 282 2750 eorum
311 2684 477 2752 evaderet
502 2706 691 2776 germanus
717 2684 840 2753 Poeta.
894 2684 1038 2754 Etenim
1069 2688 1107 2754 in
1138 2687 1208 2776 ejus

163 2797 328 2888 vestigiis,
347 2798 421 2867 fato
439 2799 602 2888 quodam,
619 2821 742 2868 omnes
757 2799 928 2867 insistere.

212 2911 336 3003 Atque
373 2913 461 2981 illud
497 2913 639 3004 quidem
675 2937 779 2983 nemo
814 2916 1005 3006 negaverit,
1040 2914 1209 2986 altissime

162 3028 425 3116 quodammodo
451 3029 619 3098 insedisse
638 3030 675 3098 in
697 3029 828 3100 Graecis
849 3029 969 3111 literis,
990 3039 1101 3121 atque
1124 3033 1207 3101 adeo

163 3140 199 3209 in
218 3141 328 3210 literis
346 3144 504 3212 omnium
521 3145 694 3236 gentium,
708 3169 789 3235 quae
807 3146 954 3236 priscam
972 3144 1072 3216 illam
1090 3147 1209 3216 huma-

162 3256 312 3325 nitatem
331 3257 386 3326 vel
411 3258 537 3328 leviter
553 3261 700 3350 sapiant,
720 3260 920 3330 Homericae
936 3284 1084 3352 poeseos
1103 3286 1208 3334 aemu·

164 3368 237 3437 lum
255 3372 431 3459 quendam
449 3395 617 3444 amorem.
658 3374 789 3444 Multis
801 3386 922 3444 autem
936 3398 1003 3469 ego
1017 3378 1208 3446 rationibus

163 3487 328 3567 adducor,
356 3495 398 3555 ut
432 3488 631 3558 firmissime
665 3492 817 3570 credam,
851 3492 1077 3581 majestatem
1113 3492 1208 3561 illam

165 3599 314 3669 Homeri
343 3625 453 3694 prope
480 3605 613 3695 regiam
641 3607 729 3674 adeo
759 3629 829 3675 non
860 3607 1021 3676 nocuisse
1053 3607 1210 3676 libertati

163 3718 323 3806 poeticae,
341 3727 383 3786 ut
400 3741 479 3787 eam
496 3720 600 3789 unice
616 3722 789 3811 adjuverit
806 3729 913 3812 atque
930 3723 1082 3792 auxerit.

213 3831 318 3914 Quod
342 3856 411 3922 quo
434 3833 560 3903 melius
583 3835 811 3928 intelligatur,
834 3837 1063 3919 considerate,
1082 3859 1210 3928 quaeso,

161 3968 302 4014 mecum
331 3945 517 4037 paulisper,
548 3947 767 4032 Academici,
796 3959 883 4040 quot
913 3952 978 4021 viis
1012 3953 1049 4020 in
1077 3955 1210 4022 animos

161 4082 304 4128 suorum
323 4061 499 4131 insinuare
513 4085 550 4131 se
564 4064 727 4133 debuerit
747 4064 938 4134 Homerica
956 4065 1089 4147 Poesis,
1107 4089 1210 4158 quam

162 4174 256 4244 altas
274 4176 408 4245 radices
432 4178 554 4269 egerit.
609 4177 735 4248 Nolite
758 4188 893 4270 putare,
912 4204 1103 4272 occupasse
1120 4205 1210 4261 eum,

164 4291 261 4380 quasi
284 4291 366 4383 jure
396 4314 474 4373 suo,
500 4293 750 4384 discipulorum
780 4294 886 4365 modo
917 4296 1112 4377 cathedras,
1144 4320 1211 4389 quo
