2738 4866
107 344 259 388 perenm.
318 322 481 386 Homerico
496 344 554 385 nore
568 322 702 406 sparsim
707 322 807 404 surbac
820 320 945 406 serapte.
1086 324 1155 388 .8a

107 496 297 564 sententiae
309 502 437 573 nostrae
450 495 596 574 ratione,
608 493 798 578 veniemus
807 492 852 561 ad
866 502 1022 573 externa,
1036 494 1063 561 si
1079 517 1155 583 quae

108 609 254 700 proferri
273 616 453 699 poterunt,
470 606 720 677 Grammaticis
738 607 890 676 testibus
906 615 1014 698 atque
1032 607 1156 676 Histo-

107 725 208 793 ricis:
235 725 375 813 quibus,
397 724 434 790 ni
458 721 570 803 fallor,
595 720 763 790 credibile
782 723 856 805 fiet,
874 724 917 791 iis
938 724 1156 813 temporibus

108 840 237 908 vixisse
267 839 478 918 Homerum,
506 838 634 927 quibus
663 837 707 905 ad
735 836 876 907 heroica
906 837 967 906 illa
997 845 1156 907 contem-

106 952 247 1043 planda,
282 976 354 1021 non
383 953 459 1021 sine
492 960 619 1020 moesto
654 952 807 1042 quodam
842 952 1024 1033 desiderio,
1059 952 1154 1021 ultro

107 1069 326 1138 vocabantur
342 1069 515 1160 ingeniosi
532 1090 574 1137 ac
592 1067 716 1136 fervidi
734 1067 904 1137 homines.

168 1298 305 1369 Verum
339 1301 502 1368 universa
539 1298 685 1388 quaestio
726 1297 838 1388 major
872 1307 936 1380 est,
970 1322 1076 1388 quam
1113 1311 1155 1370 ut

106 1415 150 1482 ad
180 1437 272 1494 eam,
300 1414 367 1482 hoc
398 1422 568 1504 tempore,
595 1415 781 1482 commode
810 1415 1051 1483 accedendum
1079 1416 1154 1485 fore

106 1528 266 1597 arbitrer.
331 1529 439 1597 Nunc
470 1528 540 1596 duo
571 1537 712 1605 tantum
744 1529 850 1596 verba
880 1527 986 1597 liceat
1013 1530 1155 1610 addere,

106 1640 247 1710 illorum
291 1644 414 1734 gratia,
455 1642 581 1732 quibus
622 1643 713 1711 forte
755 1650 894 1710 mentes
934 1643 1154 1713 turbaverint

106 1756 292 1823 doctorum
319 1758 539 1845 quorundam
570 1757 724 1824 virorum
758 1757 915 1847 argutiae,
947 1757 1153 1847 negantium

106 1871 260 1949 omnine,
293 1868 504 1952 Homerum,
534 1870 676 1960 qualem
710 1893 774 1939 nos
808 1871 967 1950 dicimus,
998 1891 1154 1958 unquam

106 1983 292 2063 extitisse3
318 2005 403 2072 quas
429 1993 549 2052 autem
576 1983 748 2064 homines,
772 1983 954 2075 octoginta
973 1983 1051 2073 jam
1073 1991 1155 2053 aeta-

106 2103 170 2178 tes,
203 2096 316 2167 Iliada
349 2107 387 2166 et
415 2097 612 2190 Odysseam
645 2100 840 2176 nominant,
870 2096 1082 2168 oculatiores
1115 2098 1152 2166 hi

106 2235 177 2280 non
205 2235 277 2280 uno
305 2212 461 2294 consilio,
485 2237 555 2282 non
579 2237 651 2282 uno
678 2223 823 2282 auctore
848 2214 1017 2303 prodiisse
1043 2215 1152 2294 aiunt,

106 2327 168 2394 sed
197 2326 352 2394 carmina
379 2349 401 2394 a
426 2325 586 2417 pluribus
607 2329 752 2418 sparsim
780 2329 885 2407 edita,
913 2327 1046 2396 multos
1070 2315 1154 2418 'post

105 2466 216 2512 annos
232 2445 270 2510 in
292 2444 362 2511 duo
386 2452 551 2533 poemata
574 2444 788 2524 convenisse,
806 2466 868 2512 seu
887 2443 1059 2534 Lycurgo,
1079 2444 1153 2511 sive

107 2557 314 2650 Hipparcho
325 2559 488 2649 jubente.
540 2559 646 2641 Quod
664 2567 701 2627 et
717 2558 849 2627 multos
867 2560 1044 2627 crederem
1064 2580 1155 2649 aegre

106 2672 249 2752 laturos,
268 2681 305 2741 et
323 2674 424 2742 nobis
442 2682 538 2741 certe
555 2673 842 2742 molestissimum
861 2673 898 2741 id
921 2673 996 2740 fore
1016 2673 1152 2741 sentio:

106 2809 170 2855 nos
204 2787 341 2856 scilicet
371 2810 514 2879 operam
545 2797 582 2856 et
613 2787 731 2857 oleum
761 2789 918 2879 perdere,
940 2786 1151 2855 Criticorum

106 2924 190 2971 vero
208 2904 434 2979 tantamvim
453 2904 488 2970 in
506 2903 695 2972 manifesta
712 2901 893 2994 σκιομαχῖᾳ
911 2901 1044 2969 teneri:

296 3014 365 3086 ἀμφὶ
378 3015 399 3070 δ’
412 3015 451 3082 ἄρ’
465 3012 618 3068 ΕΙ’ΔΩ’ΛΩι
629 3020 714 3084 Τρῶες
725 3015 766 3068 καὶ
778 3015 828 3066 δῖοι
839 3011 940 3082 Ἀχαιοὶ

300 3100 378 3170 δῄουν
386 3100 509 3169 ἀλλήλων
519 3101 588 3172 ἀμφὶ
601 3099 731 3168 στήθεσσι
742 3099 830 3163 βοείας

301 3187 415 3244 ἀσπίδας·Δ
425 3186 571 3250 εὐκύκλους,
583 3185 692 3254 λαισήϊά
703 3207 730 3239 τε
742 3186 904 3253 πτερόεντα“.

157 3278 297 3348 Verum
322 3301 393 3346 non
419 3287 473 3347 est
499 3301 562 3346 cur
588 3278 677 3345 adeo
703 3284 915 3354 metuamus,
932 3273 1152 3343 Academici.

107 3393 329 3462 Remittendi
347 3401 429 3462 sunt
445 3393 615 3472 homines,
628 3393 665 3458 in
681 3389 883 3479 hujusmodi
897 3391 1154 3469 controversiis,

106 3509 152 3577 ad
178 3507 355 3599 simplices
380 3510 577 3576 animorum
604 3528 746 3575 suorum
771 3526 904 3573 sensus.
956 3503 1155 3573 Provocan-

106 3624 205 3704 dum,
230 3631 272 3691 ut
301 3625 352 3691 ita
380 3624 504 3704 dicam,
534 3623 579 3691 ad
609 3620 791 3712 populum,
817 3619 931 3688 missis
960 3642 1152 3709 paucorum

106 3737 278 3806 nobilium
308 3739 527 3806 commentis
592 3734 876 3815 Recordandum‚
905 3757 977 3823 qua
1004 3734 1153 3823 quisque

106 3853 215 3921 fuerit
245 3853 433 3936 sententia,
460 3876 541 3921 cum
569 3853 724 3943 primum
759 3852 931 3919 attentius
959 3849 1153 3919 Homerica

106 3967 308 4061 perlegerit.
334 3967 509 4057 Equidem
527 3969 556 4036 si
574 3967 658 4058 quid
676 3967 711 4035 in
731 3966 785 4034 his
803 3967 908 4033 rebus
921 3964 1036 4044 video,
1054 3964 1152 4034 nulla

105 4105 263 4173 unquam
288 4084 324 4151 in
353 4083 548 4171 quaestione
575 4083 705 4151 certius
733 4081 924 4170 quidquam
952 4081 1153 4148 constitisse

106 4199 267 4278 dixerim,
295 4197 388 4287 quod
416 4196 559 4286 quidem
589 4197 634 4263 ab
662 4197 770 4285 ipsius
797 4197 847 4264 rei
875 4195 982 4287 signis
1008 4195 1154 4284 adjunc-

553 4313 608 4367 ¹11.
621 4331 647 4366 v.
660 4328 721 4381 451.

606 4407 667 4470 ab
