2738 4866
170 336 235 398 210
335 336 521 401 macie
527 358 690 421 preconem
704 337 908 402 Ithcmnium
921 347 1021 402 aem:
1044 361 1137 402 nanu.
1147 359 1205 399 xm.

309 503 423 572 κτήματα
434 503 456 557 8
469 503 546 558 nin-be
556 503 636 573 ἔχοις,
649 503 690 557 καὶ
702 503 820 573 δόμασιν
831 501 902 559 οἶσιν
913 503 1052 560 ἀνάσσοις.

308 590 344 659 el
355 591 407 661 111
418 589 458 661 b'
469 590 544 644 0⁴⁶0·
555 591 628 662 ‹iria›
641 590 716 646 lm
727 588 753 644 π’
765 589 873 646 alem
883 590 979 661 βίηφιν

309 674 412 745 κτήματ’
424 675 586 746 nepum,
597 670 697 743 ’witta
708 675 746 730 ἓν·
758 677 922 743 mancam.

170 843 256 912 Non
281 844 425 914 omnino
449 844 605 936 hospites
634 866 765 925 sumus,
791 834 1012 926 Academici,
1039 837 1079 912 in
1106 839 1208 912 tribu-

168 959 254 1027 nitia
281 958 349 1028 ista
375 959 555 1028 bonitate:
589 960 752 1028 novimus
776 967 814 1027 et
838 980 903 1027 uos
928 957 1130 1050 aliquande,
1158 955 1208 1026 vel

167 1081 264 1141 certe
290 1072 382 1142 lama
407 1073 616 1164 accepimus,
643 1073 703 1163 qni
729 1095 809 1142 cum
829 1074 912 1162 jura
937 1073 1060 1142 omnia
1083 1073 1207 1143 civium

166 1209 230 1277 per
256 1187 307 1256 faa
335 1196 372 1256 et
402 1187 499 1257 nefas
532 1185 789 1267 conculcarent,
822 1187 912 1254 miro
942 1194 1065 1254 tamen
1096 1183 1207 1254 studio

166 1302 395 1392 praedicarent
411 1324 554 1392 parcere
571 1324 609 1370 se
625 1301 842 1392 privatorum
860 1300 996 1391 opibus.

216 1414 326 1484 Porro
344 1423 381 1484 et
398 1414 486 1484 illud
504 1439 576 1484 non
593 1414 721 1485 leviter
737 1416 828 1506 sapit
844 1415 1021 1484 immitem
1037 1411 1206 1483 tribunitii

166 1529 231 1597 viri
260 1529 493 1612 insolentiam,
520 1531 613 1621 quod
642 1532 701 1621 qui
729 1529 931 1600 Telemachi
958 1530 1118 1610 domum,
1143 1549 1206 1619 qno

158 1643 241 1733 jure
258 1666 371 1734 quave
392 1645 528 1734 injuria,
546 1653 672 1735 quarto
691 1646 768 1735 jam
785 1667 877 1714 anno
895 1650 1044 1713 vexaret
1067 1665 1110 1712 ac
1132 1641 1206 1710 diri·

164 1766 274 1848 peret,
292 1759 322 1827 is
339 1758 401 1828 illo
418 1760 493 1850 ipso
510 1767 670 1850 tempore
687 1782 757 1850 prae
775 1781 812 1828 se
829 1759 947 1840 ferret,
960 1756 1056 1827 velle
1073 1778 1113 1826 se
1129 1777 1204 1826 cum

163 1872 376 1943 Telemacho
393 1896 497 1966 agere
514 1895 653 1978 semper
670 1897 714 1943 ex
732 1897 835 1964 aeqno
854 1881 892 1942 et
907 1874 1014 1943 hono.
1042 1933 1046 1939 ,

214 1988 351 2079 Itaque,
381 1997 422 2057 ut
450 1989 600 2078 videtur,
628 1987 824 2080 Penelopes
853 1988 968 2079 procis
994 2008 1068 2055 non
1101 2007 1204 2077 pauca

164 2111 248 2172 sunt
275 2103 476 2172 communia
505 2124 587 2172 cum
616 2103 659 2172 iis
684 2099 744 2193 qui
770 2097 912 2193 plebem
938 2100 1129 2170 ambitiose
1153 2117 1204 2168 cc

165 2213 263 2285 lunt:
300 2215 358 2285 vel
385 2217 468 2307 quia
493 2217 686 2308 impensius
712 2216 862 2285 oderunt
882 2216 943 2305 jus
966 2213 1140 2306 regnandi
1166 2211 1203 2279 de

163 2338 263 2422 patre
289 2332 325 2399 in
343 2330 455 2399 lilium
473 2331 624 2413 deferri3
650 2328 706 2399 vel
727 2330 810 2421 quia
832 2352 906 2399 rem
933 2328 1108 2419 cujusque
1131 2347 1202 2416 pro·

162 2447 286 2537 priam,
313 2453 491 2515 commota
516 2468 599 2514 cum
624 2445 780 2514 maxime
806 2442 997 2535 republica,
1021 2440 1200 2510 clamitant

163 2561 237 2630 fore
263 2567 517 2630 sacrosanctam
544 2567 582 2629 et
607 2560 798 2640 intactam3
826 2556 882 2626 vel
908 2558 990 2648 quia
1016 2577 1063 2625 ne
1091 2553 1201 2625 clami·

162 2683 279 2745 tentes
297 2675 439 2767 quidem
457 2696 495 2743 se
511 2697 533 2743 a
550 2675 678 2765 rapinis
695 2674 871 2742 abstinere
888 2671 1020 2740 valent.

211 2790 294 2883 Age
321 2812 413 2871 vero,
439 2790 592 2880 quinam,
620 2787 898 2869 obsecro,fue1·e
925 2786 1071 2855 tandem
1099 2783 1200 2875 plebi·

161 2904 246 2974 colae
275 2905 344 2986 isti,
362 2903 502 2995 quando
532 2903 577 2973 ad
600 2904 682 2993 jura
708 2897 821 2993 plebis
847 2907 902 2969 est
918 2907 1079 2980 ventum,
1099 2908 1137 2967 et
1161 2897 1197 2968 ad
1258 2942 1260 2947 -

160 3019 361 3089 hbertatem
388 3018 546 3087 omnium
572 3016 760 3085 ordinum?
795 3009 963 3083 Mirabile
989 3021 1045 3083 est
1070 3030 1117 3082 ex
1140 3013 1196 3082 hac

160 3157 300 3225 quoque
330 3141 430 3224 parte
459 3131 678 3222 quambene
704 3131 915 3199 conveniant
941 3129 1036 3197 inter
1061 3151 1100 3198 se
1125 3128 1195 3196 hinc

159 3271 344 3340 procorum
371 3255 476 3329 artes,
494 3245 591 3316 illinc
614 3247 772 3327 istorum,
797 3266 884 3335 qnos
910 3243 1028 3312 Graeci
1055 3241 1196 3332 δημαγῶ-

160 3390 239 3452 γους
268 3360 465 3461 appellant,
510 3358 622 3428 Extat
651 3360 687 3427 ln
720 3358 874 3428 secundo
905 3356 1086 3450 Odysseiae
1116 3357 1194 3427 libro

159 3477 251 3546 senis
274 3476 456 3566 cujusdam
482 3470 678 3543 Ithacensis
703 3468 828 3555 oratio,
850 3473 908 3542 cui
934 3473 1064 3542 misera
1088 3495 1144 3542 res
1163 3477 1193 3539 et

157 3592 302 3684 indigna
319 3591 513 3669 videbatur,
531 3588 736 3658 vicesimum
749 3590 825 3678 jam
843 3589 900 3680 agi
912 3610 1057 3668 annum,
1072 3611 1120 3657 ex
1133 3607 1191 3677 quo

157 3707 296 3798 Trojam
327 3706 461 3775 abierat
496 3703 651 3797 UlysseS,
680 3712 757 3772 toto
792 3710 913 3772 autem
948 3701 1011 3771 illo
1042 3713 1190 3794 tempore

156 3820 292 3889 nullum
311 3819 430 3888 haberi
449 3817 562 3910 plebis
580 3818 798 3888 concilium.

297 4007 400 4060 κέκλυτε
412 4007 443 4076 δὴ
456 4011 500 4061 νῦν
511 4029 567 4075 μευ,
578 4005 727 4074 Ἰθακήσιοι,
740 4005 764 4068 ὅ,
776 4027 816 4058 ττι
829 4025 872 4057 κεν
883 4000 954 4056 εἴπω·

296 4097 353 4145 οὔτε
365 4093 424 4146 πόθ’
437 4093 543 4162 ἡμετέρη
556 4092 637 4163 ἀγορὴ
648 4091 737 4163 γένετ’,
752 4094 810 4144 οὔτε
822 4090 926 4151 θόωκος,

587 4327 596 4349 ⁸
615 4317 670 4372 Od,
682 4318 708 4370 ii.
723 4330 764 4382 25.
