2738 4866
158 313 220 378 120
318 313 545 397 Comparantur
559 331 625 375 rma
640 307 760 374 souitu
773 311 876 374 catari
889 310 998 374 ducos:
1022 332 1117 372 osso.
1131 331 1191 370 vm.

157 485 299 576 quidem
326 483 397 553 suis
423 484 498 575 ipse
517 476 686 551 'manibus
703 470 974 550 Priami'rhedae
994 482 1196 573 imposuisse

157 607 329 682 narratur,
367 597 467 668 velut
509 597 702 689 impietatis
744 592 891 688 alicujus
926 619 1018 678 reus,
1053 596 1197 689 supplex

160 713 314 784 Patrocli
333 714 471 783 veniam
489 708 593 782 orat‘.
689 731 692 734 ⁴
1173 735 1176 740 ¹

198 857 201 864 ’
236 857 240 863 “
297 857 332 928 μή
344 879 397 928 μοι,
409 859 553 929 Πάτροκλε,
567 856 801 927 σκυδμοίνεμεν,ὀῖ
810 879 838 910 κε
849 855 943 925 πύθηαι

299 944 432 1001 εἶν”Αῗδόο
443 967 492 1015 περ
504 946 560 1008 ἔων,
574 943 613 998 ὅτι
620 943 733 1014 Ἕκτορα
745 944 800 997 δῖον
811 945 899 998 ἔλυσα

297 1031 375 1100 πατρὶ
387 1031 467 1105 φίλῳ·
487 1031 542 1086 ἐπεὶ
554 1035 585 1084 οὔ
595 1051 639 1100 μοι
651 1029 735 1084 ἀεικέα
747 1030 826 1083 δῶκεν
837 1029 937 1083 ἄποινα·

299 1119 343 1172 rol
355 1116 383 1171 δ”
391 1116 425 1171 αὖ
435 1117 488 1188 ἐγὼ
497 1118 538 1170 καὶ
550 1116 623 1171 τῶνδ’
635 1116 827 1184 ἀποδάσσομαι,
841 1113 903 1170 ὄπ’
915 1116 1038 1170 ἐπέοικεν.

210 1288 271 1360 Ad
292 1311 487 1373 summam;
516 1290 709 1382 interroget
730 1287 865 1378 aliquis,
884 1287 1062 1371 Quorsum
1081 1289 1202 1357 hiduo

160 1405 264 1476 libril
295 1406 485 1476 concedam
514 1405 672 1487 fortasse,
693 1405 927 1496 importunius
952 1426 1014 1474 eos
1036 1405 1150 1496 adjici,
1175 1404 1203 1474 si

159 1543 215 1591 res
243 1521 288 1591 ad
314 1522 468 1591 historiae
496 1521 679 1591 modulum
710 1522 883 1614 exigatur.
935 1521 1033 1590 Nam
1060 1521 1204 1590 historia

162 1644 321 1707 versatur
350 1637 386 1704 in
416 1637 505 1707 serie
535 1659 743 1719 causarum;
786 1659 855 1727 qua
889 1636 997 1706 semel
1033 1636 1202 1717 absoluta,

162 1751 355 1840 (debellato
398 1754 493 1821 enim
533 1753 692 1822 Hectore
732 1754 894 1822 novimus
926 1752 1067 1844 Trojam
1109 1753 1204 1822 brevi

162 1868 380 1960 perituram)
424 1873 551 1935 caetera
592 1868 735 1959 adjungi
777 1867 865 1935 nihil
907 1867 1086 1936 attinebit.
1143 1865 1205 1936 Sin

164 1985 271 2054 fuerit
300 2005 344 2053 ea
371 2005 473 2052 mens
499 1981 805 2066 Summo'Poetae,
832 1993 873 2052 ut
903 2005 958 2052 res
984 1982 1111 2053 Iliacas
1136 2004 1205 2051 non

84 2132 88 2137 ·
163 2099 270 2168 modo
313 2120 450 2169 eversas
492 2107 659 2181 narraret,
704 2122 825 2168 verum
869 2101 976 2170 etiam
1018 2122 1083 2190 per
1125 2121 1205 2168 eum

163 2236 311 2296 eversas,
334 2215 395 2305 qui
421 2221 514 2284 esset
542 2214 695 2285 heroicae
721 2215 863 2285 virtutis
890 2213 1093 2306 exemplam
1129 2238 1206 2306 pro-

165 2331 259 2400 fecto
286 2353 333 2400 ex
355 2329 409 2399 his
433 2331 641 2421 paucissima
666 2330 833 2412 invenies,
850 2353 927 2421 quae
946 2331 1079 2422 absque
1103 2331 1208 2400 detri-

164 2454 286 2515 mento
303 2445 483 2536 potuerint
501 2445 629 2515 omitti.
1197 2466 1199 2471 ’

215 2678 370 2757 Videtis.
395 2676 615 2763 Academici,
644 2681 941 2772 quemadmodum
964 2678 1104 2772 Tragici
1132 2702 1209 2750 suas

166 2794 302 2864 fabulas
323 2794 589 2864 accommodare
612 2794 732 2864 solent¹
749 2796 792 2864 ad
814 2795 1001 2864 histriones
1016 2796 1208 2886 primarum

164 2910 329 3000 partium,
364 2910 414 2980 ita
450 2909 679 2980 Homericam
718 2911 817 3001 quasi
856 2909 1013 2978 fabulam
1052 2910 1209 2978 studiose

166 3024 211 3092 ad
239 3022 421 3093 Achillem
454 3026 721 3094 accommodari.
791 3025 859 3093 His
892 3026 994 3115 quasi
1025 3023 1208 3093 cumulum

165 3138 295 3207 addere
318 3139 433 3222 liceat,
452 3141 570 3209 omnia
590 3142 627 3208 in
647 3164 690 3210 eo
712 3140 857 3210 clariora
873 3140 959 3221 fieri,
977 3141 1004 3209 si
1026 3161 1209 3210 eumcum

105 3309 108 3313 .
167 3253 244 3324 aliis
262 3254 492 3325 bellatoribus
513 3257 681 3327 conferas.
734 3257 825 3326 Cum
849 3257 944 3326 enim
969 3263 1025 3325 tot·
1050 3257 1212 3346 tantique

167 3368 337 3451 homines,
368 3379 442 3440 tam
475 3373 569 3440 inter
602 3395 639 3440 se
674 3372 868 3451 dissimiles
900 3373 1112 3440 decorentur
1141 3371 1210 3441 suis

167 3485 313 3575 quisque
327 3484 498 3567 laudibus,
513 3487 680 3556 divinitus
694 3487 952 3577 quodammodo
966 3494 1020 3555 est
1032 3484 1210 3566 effectum,

166 3606 208 3667 ut
234 3622 306 3668 non
331 3599 445 3668 solum
474 3602 653 3671 Homerus
683 3602 728 3671 de
758 3601 965 3671 fortitudine
989 3599 1118 3670 melius
1144 3603 1213 3671 dis·

168 3735 282 3783 serere
299 3715 462 3783 videatur
479 3738 584 3804 quam
602 3739 724 3785 omnes
742 3715 950 3809 philosophi,
962 3738 1086 3784 verum
1103 3718 1211 3785 etiam

78 3920 80 3924 Ι
167 3830 329 3921 princeps
356 3828 516 3900 Achilles
555 3853 600 3899 ex
639 3834 749 3901 tacita
782 3839 989 3902 caeterorum
1023 3831 1212 3901 collatione

169 3942 281 4031 major
298 3943 439 4011 evadat.

218 4053 339 4125 Ac'de
359 4056 516 4127 Hectore
533 4059 677 4149 quidem
696 4058 849 4128 diximus
861 4080 872 4130 τ’
896 4059 957 4151 qui
974 4058 1059 4128 licet
1071 4057 1214 4128 Achille

169 4169 274 4262 longe
317 4171 362 4240 sit
400 4172 594 4254 amabilior,
631 4194 854 4264 nequaqnam
893 4183 1014 4244 tamen
1052 4175 1098 4243 ad
1139 4178 1214 4267 ejus

170 4285 395 4376 majestatem
428 4287 577 4356 accedit.
648 4286 778 4378 Neque
812 4291 910 4359 enim.
946 4289 1013 4359 Dis
1050 4290 1214 4382 genitum

581 4429 593 4468 r
609 4430 641 4484 n.
653 4431 725 4487 xxiv.
736 4447 801 4502 592..
