<?xml version="1.0" encoding="UTF-8"?>
<!DOCTYPE html PUBLIC "-//W3C//DTD XHTML 1.0 Transitional//EN"
    "http://www.w3.org/TR/xhtml1/DTD/xhtml1-transitional.dtd">
<html xmlns="http://www.w3.org/1999/xhtml" xml:lang="en" lang="en">
 <head>
  <title>
</title>
<meta http-equiv="Content-Type" content="text/html;charset=utf-8" />
  <meta name='ocr-system' content='tesseract 3.04.00' />
  <meta name='ocr-capabilities' content='ocr_page ocr_carea ocr_par ocr_line ocrx_word'/>
</head>
<body>
  <div class='ocr_page' id='page_1' title='image "./depoeticaevimed01keblgoog_0134.png"; bbox 0 0 2738 4866; ppageno 0'>
   <div class='ocr_carea' id='block_1_1' title="bbox 154 297 1209 408">
    <p class='ocr_par' dir='ltr' id='par_1_1' title="bbox 154 297 1209 408">
     <span class='ocr_line' id='line_1_1' title="bbox 154 297 1209 408; baseline 0.008 -25"><span class='ocrx_word' id='word_1_1' title='bbox 154 344 251 385; x_wconf 73' lang='lat' dir='ltr'><strong>rann</strong></span> <span class='ocrx_word' id='word_1_2' title='bbox 265 343 308 385; x_wconf 84' lang='lat' dir='ltr'><strong>rx.</strong></span> <span class='ocrx_word' id='word_1_3' title='bbox 336 321 503 406; x_wconf 69' lang='lat' dir='ltr'><strong>Smptoris</strong></span> <span class='ocrx_word' id='word_1_4' title='bbox 516 297 588 400; x_wconf 76' lang='grc' dir='ltr'><strong>ἦθος</strong></span> <span class='ocrx_word' id='word_1_5' title='bbox 601 323 732 386; x_wconf 69' lang='lat' dir='ltr'><strong>minimo</strong></span> <span class='ocrx_word' id='word_1_6' title='bbox 747 344 863 408; x_wconf 79' lang='lat' dir='ltr'><strong>qaoque</strong></span> <span class='ocrx_word' id='word_1_7' title='bbox 876 345 910 388; x_wconf 81' lang='lat' dir='ltr'><strong>re</strong></span> <span class='ocrx_word' id='word_1_8' title='bbox 924 325 1090 390; x_wconf 57' lang='lat' dir='ltr'><strong>deaurari.</strong></span> <span class='ocrx_word' id='word_1_9' title='bbox 1146 329 1209 391; x_wconf 74' lang='lat' dir='ltr'><strong>lat</strong></span> 
     </span>
    </p>
   </div>
   <div class='ocr_carea' id='block_1_2' title="bbox 153 488 1236 4398">
    <p class='ocr_par' dir='ltr' id='par_1_2' title="bbox 155 488 1211 1368">
     <span class='ocr_line' id='line_1_2' title="bbox 204 488 1211 596; baseline 0.008 -36"><span class='ocrx_word' id='word_1_10' title='bbox 204 489 289 560; x_wconf 86' lang='lat' dir='ltr'><strong>Jam</strong></span> <span class='ocrx_word' id='word_1_11' title='bbox 324 488 484 560; x_wconf 83' lang='lat' dir='ltr'><strong>Homero</strong></span> <span class='ocrx_word' id='word_1_12' title='bbox 522 513 626 561; x_wconf 89' lang='lat' dir='ltr'><strong>snum</strong></span> <span class='ocrx_word' id='word_1_13' title='bbox 661 492 783 573; x_wconf 87' lang='lat' dir='ltr'><strong>solem,</strong></span> <span class='ocrx_word' id='word_1_14' title='bbox 819 517 882 565; x_wconf 88' lang='lat' dir='ltr'><strong>sua</strong></span> <span class='ocrx_word' id='word_1_15' title='bbox 920 495 1044 596; x_wconf 43' lang='lat' dir='ltr'><strong>sidera·</strong></span> <span class='ocrx_word' id='word_1_16' title='bbox 1074 500 1211 588; x_wconf 88' lang='lat' dir='ltr'><strong>praesti·</strong></span> 
     </span>
     <span class='ocr_line' id='line_1_3' title="bbox 155 603 1210 703; baseline 0.008 -28"><span class='ocrx_word' id='word_1_17' title='bbox 155 613 279 675; x_wconf 91' lang='lat' dir='ltr'><strong>terunt</strong></span> <span class='ocrx_word' id='word_1_18' title='bbox 307 603 472 686; x_wconf 89' lang='lat' dir='ltr'><strong>Heroica,</strong></span> <span class='ocrx_word' id='word_1_19' title='bbox 499 629 578 698; x_wconf 88' lang='lat' dir='ltr'><strong>qnae</strong></span> <span class='ocrx_word' id='word_1_20' title='bbox 600 617 781 693; x_wconf 85' lang='lat' dir='ltr'><strong>vocantur,</strong></span> <span class='ocrx_word' id='word_1_21' title='bbox 805 610 952 682; x_wconf 87' lang='lat' dir='ltr'><strong>saeoula:</strong></span> <span class='ocrx_word' id='word_1_22' title='bbox 979 635 1130 703; x_wconf 91' lang='lat' dir='ltr'><strong>quorum</strong></span> <span class='ocrx_word' id='word_1_23' title='bbox 1153 613 1210 684; x_wconf 90' lang='lat' dir='ltr'><strong>vel</strong></span> 
     </span>
     <span class='ocr_line' id='line_1_4' title="bbox 155 722 1207 813; baseline 0.008 -23"><span class='ocrx_word' id='word_1_24' title='bbox 155 723 230 813; x_wconf 91' lang='lat' dir='ltr'><strong>ipse</strong></span> <span class='ocrx_word' id='word_1_25' title='bbox 257 729 334 790; x_wconf 88' lang='lat' dir='ltr'><strong>erat</strong></span> <span class='ocrx_word' id='word_1_26' title='bbox 360 722 512 813; x_wconf 85' lang='lat' dir='ltr'><strong>aequalis,</strong></span> <span class='ocrx_word' id='word_1_27' title='bbox 536 722 592 790; x_wconf 89' lang='lat' dir='ltr'><strong>vel</strong></span> <span class='ocrx_word' id='word_1_28' title='bbox 619 724 664 793; x_wconf 90' lang='lat' dir='ltr'><strong>ab</strong></span> <span class='ocrx_word' id='word_1_29' title='bbox 691 724 761 794; x_wconf 91' lang='lat' dir='ltr'><strong>illis</strong></span> <span class='ocrx_word' id='word_1_30' title='bbox 789 726 841 794; x_wconf 91' lang='lat' dir='ltr'><strong>ita</strong></span> <span class='ocrx_word' id='word_1_31' title='bbox 869 739 1023 797; x_wconf 87' lang='lat' dir='ltr'><strong>remotus</strong></span> <span class='ocrx_word' id='word_1_32' title='bbox 1051 736 1138 810; x_wconf 89' lang='lat' dir='ltr'><strong>erat,</strong></span> <span class='ocrx_word' id='word_1_33' title='bbox 1165 735 1207 798; x_wconf 90' lang='lat' dir='ltr'><strong>nt</strong></span> 
     </span>
     <span class='ocr_line' id='line_1_5' title="bbox 156 836 1206 923; baseline 0.007 -17"><span class='ocrx_word' id='word_1_34' title='bbox 156 845 317 907; x_wconf 88' lang='lat' dir='ltr'><strong>cerneret</strong></span> <span class='ocrx_word' id='word_1_35' title='bbox 352 836 463 906; x_wconf 88' lang='lat' dir='ltr'><strong>oculis</strong></span> <span class='ocrx_word' id='word_1_36' title='bbox 495 837 648 909; x_wconf 79' lang='lat' dir='ltr'><strong>formam</strong></span> <span class='ocrx_word' id='word_1_37' title='bbox 683 861 806 908; x_wconf 88' lang='lat' dir='ltr'><strong>eorum</strong></span> <span class='ocrx_word' id='word_1_38' title='bbox 840 863 881 910; x_wconf 87' lang='lat' dir='ltr'><strong>ac</strong></span> <span class='ocrx_word' id='word_1_39' title='bbox 915 842 1070 923; x_wconf 84' lang='lat' dir='ltr'><strong>faciem3</strong></span> <span class='ocrx_word' id='word_1_40' title='bbox 1107 852 1206 913; x_wconf 92' lang='lat' dir='ltr'><strong>totus</strong></span> 
     </span>
     <span class='ocr_line' id='line_1_6' title="bbox 155 954 1209 1046; baseline 0.006 -24"><span class='ocrx_word' id='word_1_41' title='bbox 155 954 342 1023; x_wconf 88' lang='lat' dir='ltr'><strong>inhaereret</strong></span> <span class='ocrx_word' id='word_1_42' title='bbox 362 976 485 1022; x_wconf 90' lang='lat' dir='ltr'><strong>eorum</strong></span> <span class='ocrx_word' id='word_1_43' title='bbox 510 955 689 1046; x_wconf 85' lang='lat' dir='ltr'><strong>vestigiis3</strong></span> <span class='ocrx_word' id='word_1_44' title='bbox 715 955 803 1024; x_wconf 90' lang='lat' dir='ltr'>nihil</span> <span class='ocrx_word' id='word_1_45' title='bbox 829 958 977 1039; x_wconf 89' lang='lat' dir='ltr'><strong>noverit,</strong></span> <span class='ocrx_word' id='word_1_46' title='bbox 996 956 1085 1026; x_wconf 91' lang='lat' dir='ltr'><strong>nihil</strong></span> <span class='ocrx_word' id='word_1_47' title='bbox 1109 982 1209 1029; x_wconf 90' lang='lat' dir='ltr'><strong>cura-</strong></span> 
     </span>
     <span class='ocr_line' id='line_1_7' title="bbox 155 1066 1207 1164; baseline 0.008 -27"><span class='ocrx_word' id='word_1_48' title='bbox 155 1078 220 1150; x_wconf 89' lang='lat' dir='ltr'><strong>ret,</strong></span> <span class='ocrx_word' id='word_1_49' title='bbox 238 1067 306 1138; x_wconf 86' lang='lat' dir='ltr'><strong>nisi</strong></span> <span class='ocrx_word' id='word_1_50' title='bbox 324 1069 418 1158; x_wconf 92' lang='lat' dir='ltr'><strong>quod</strong></span> <span class='ocrx_word' id='word_1_51' title='bbox 438 1066 617 1139; x_wconf 89' lang='lat' dir='ltr'><strong>Heroibus</strong></span> <span class='ocrx_word' id='word_1_52' title='bbox 635 1071 731 1139; x_wconf 91' lang='lat' dir='ltr'><strong>cordi</strong></span> <span class='ocrx_word' id='word_1_53' title='bbox 749 1071 866 1141; x_wconf 89' lang='lat' dir='ltr'><strong>fuerit.</strong></span> <span class='ocrx_word' id='word_1_54' title='bbox 909 1072 1003 1156; x_wconf 83' lang='lat' dir='ltr'><strong>Quid</strong></span> <span class='ocrx_word' id='word_1_55' title='bbox 1023 1074 1207 1164; x_wconf 75' lang='lat' dir='ltr'><strong>qnaeritisl</strong></span> 
     </span>
     <span class='ocr_line' id='line_1_8' title="bbox 155 1181 1209 1270; baseline 0.007 -18"><span class='ocrx_word' id='word_1_56' title='bbox 155 1186 192 1253; x_wconf 93' lang='lat' dir='ltr'><strong>ni</strong></span> <span class='ocrx_word' id='word_1_57' title='bbox 222 1190 316 1253; x_wconf 86' lang='lat' dir='ltr'><strong>esset</strong></span> <span class='ocrx_word' id='word_1_58' title='bbox 346 1181 534 1264; x_wconf 83' lang='lat' dir='ltr'>Homerus,</span> <span class='ocrx_word' id='word_1_59' title='bbox 564 1184 695 1254; x_wconf 79' lang='lat' dir='ltr'><strong>dixeris</strong></span> <span class='ocrx_word' id='word_1_60' title='bbox 724 1188 880 1270; x_wconf 92' lang='lat' dir='ltr'><strong>omnino,</strong></span> <span class='ocrx_word' id='word_1_61' title='bbox 902 1186 995 1257; x_wconf 80' lang='lat' dir='ltr'><strong>velle</strong></span> <span class='ocrx_word' id='word_1_62' title='bbox 1024 1211 1106 1258; x_wconf 91' lang='lat' dir='ltr'><strong>eum</strong></span> <span class='ocrx_word' id='word_1_63' title='bbox 1132 1188 1209 1259; x_wconf 89' lang='lat' dir='ltr'><strong>fieri</strong></span> 
     </span>
     <span class='ocr_line' id='line_1_9' title="bbox 157 1297 353 1368; baseline -0.005 -1"><span class='ocrx_word' id='word_1_64' title='bbox 157 1297 353 1368; x_wconf 81' lang='lat' dir='ltr'><strong>Achillem.</strong></span> 
     </span>
    </p>

    <p class='ocr_par' dir='ltr' id='par_1_3' title="bbox 155 1413 1209 2084">
     <span class='ocr_line' id='line_1_10' title="bbox 207 1413 1209 1506; baseline 0.006 -22"><span class='ocrx_word' id='word_1_65' title='bbox 207 1413 320 1506; x_wconf 87' lang='lat' dir='ltr'><strong>Spero</strong></span> <span class='ocrx_word' id='word_1_66' title='bbox 348 1423 482 1495; x_wconf 91' lang='lat' dir='ltr'><strong>autem,</strong></span> <span class='ocrx_word' id='word_1_67' title='bbox 508 1413 600 1484; x_wconf 90' lang='lat' dir='ltr'><strong>hanc</strong></span> <span class='ocrx_word' id='word_1_68' title='bbox 629 1437 746 1485; x_wconf 92' lang='lat' dir='ltr'><strong>meam</strong></span> <span class='ocrx_word' id='word_1_69' title='bbox 781 1418 997 1487; x_wconf 88' lang='lat' dir='ltr'><strong>sententiam</strong></span> <span class='ocrx_word' id='word_1_70' title='bbox 1031 1419 1116 1489; x_wconf 89' lang='lat' dir='ltr'><strong>satis</strong></span> <span class='ocrx_word' id='word_1_71' title='bbox 1149 1441 1209 1490; x_wconf 91' lang='lat' dir='ltr'><strong>me</strong></span> 
     </span>
     <span class='ocr_line' id='line_1_11' title="bbox 156 1529 1208 1621; baseline 0.007 -24"><span class='ocrx_word' id='word_1_72' title='bbox 156 1529 321 1620; x_wconf 84' lang='lat' dir='ltr'>probasse</span> <span class='ocrx_word' id='word_1_73' title='bbox 351 1531 462 1613; x_wconf 87' lang='lat' dir='ltr'><strong>vobis,</strong></span> <span class='ocrx_word' id='word_1_74' title='bbox 491 1531 586 1621; x_wconf 92' lang='lat' dir='ltr'><strong>qnod</strong></span> <span class='ocrx_word' id='word_1_75' title='bbox 620 1532 665 1600; x_wconf 93' lang='lat' dir='ltr'><strong>ad</strong></span> <span class='ocrx_word' id='word_1_76' title='bbox 700 1554 874 1601; x_wconf 91' lang='lat' dir='ltr'><strong>summam</strong></span> <span class='ocrx_word' id='word_1_77' title='bbox 902 1531 1002 1602; x_wconf 87' lang='lat' dir='ltr'><strong>Iliaci</strong></span> <span class='ocrx_word' id='word_1_78' title='bbox 1033 1536 1208 1617; x_wconf 83' lang='lat' dir='ltr'><strong>carminis,</strong></span> 
     </span>
     <span class='ocr_line' id='line_1_12' title="bbox 155 1643 1209 1739; baseline 0.009 -28"><span class='ocrx_word' id='word_1_79' title='bbox 155 1643 323 1735; x_wconf 86' lang='lat' dir='ltr'><strong>quodque</strong></span> <span class='ocrx_word' id='word_1_80' title='bbox 357 1647 402 1715; x_wconf 89' lang='lat' dir='ltr'><strong>ad</strong></span> <span class='ocrx_word' id='word_1_81' title='bbox 432 1668 619 1736; x_wconf 79' lang='lat' dir='ltr'><strong>personam</strong></span> <span class='ocrx_word' id='word_1_82' title='bbox 644 1644 799 1714; x_wconf 90' lang='lat' dir='ltr'><strong>Achillis</strong></span> <span class='ocrx_word' id='word_1_83' title='bbox 832 1646 973 1715; x_wconf 79' lang='lat' dir='ltr'><strong>attinet.</strong></span> <span class='ocrx_word' id='word_1_84' title='bbox 1039 1646 1209 1739; x_wconf 85' lang='lat' dir='ltr'><strong>Superest</strong></span> 
     </span>
     <span class='ocr_line' id='line_1_13' title="bbox 156 1760 1209 1853; baseline 0.005 -25"><span class='ocrx_word' id='word_1_85' title='bbox 156 1769 198 1828; x_wconf 92' lang='lat' dir='ltr'><strong>ut</strong></span> <span class='ocrx_word' id='word_1_86' title='bbox 228 1760 381 1851; x_wconf 90' lang='lat' dir='ltr'><strong>paucula</strong></span> <span class='ocrx_word' id='word_1_87' title='bbox 407 1760 574 1852; x_wconf 89' lang='lat' dir='ltr'><strong>quaedam</strong></span> <span class='ocrx_word' id='word_1_88' title='bbox 604 1760 777 1850; x_wconf 87' lang='lat' dir='ltr'><strong>adjiciam,</strong></span> <span class='ocrx_word' id='word_1_89' title='bbox 808 1783 959 1851; x_wconf 90' lang='lat' dir='ltr'><strong>qnorum</strong></span> <span class='ocrx_word' id='word_1_90' title='bbox 990 1784 1057 1853; x_wconf 89' lang='lat' dir='ltr'><strong>ope</strong></span> <span class='ocrx_word' id='word_1_91' title='bbox 1084 1764 1141 1833; x_wconf 91' lang='lat' dir='ltr'><strong>vel</strong></span> <span class='ocrx_word' id='word_1_92' title='bbox 1171 1765 1209 1833; x_wconf 91' lang='lat' dir='ltr'><strong>in</strong></span> 
     </span>
     <span class='ocr_line' id='line_1_14' title="bbox 155 1876 1208 1967; baseline 0.006 -23"><span class='ocrx_word' id='word_1_93' title='bbox 155 1899 275 1946; x_wconf 84' lang='lat' dir='ltr'><strong>reram</strong></span> <span class='ocrx_word' id='word_1_94' title='bbox 302 1877 449 1967; x_wconf 90' lang='lat' dir='ltr'><strong>pictura,</strong></span> <span class='ocrx_word' id='word_1_95' title='bbox 472 1876 531 1946; x_wconf 88' lang='lat' dir='ltr'><strong>vel</strong></span> <span class='ocrx_word' id='word_1_96' title='bbox 557 1877 595 1944; x_wconf 93' lang='lat' dir='ltr'><strong>in</strong></span> <span class='ocrx_word' id='word_1_97' title='bbox 620 1877 757 1945; x_wconf 91' lang='lat' dir='ltr'><strong>ratione</strong></span> <span class='ocrx_word' id='word_1_98' title='bbox 783 1900 824 1945; x_wconf 98' lang='grc' dir='ltr'>ιο</span> <span class='ocrx_word' id='word_1_99' title='bbox 850 1876 995 1947; x_wconf 88' lang='lat' dir='ltr'><strong>delectu</strong></span> <span class='ocrx_word' id='word_1_100' title='bbox 1017 1879 1208 1950; x_wconf 88' lang='lat' dir='ltr'><strong>verborum</strong></span> 
     </span>
     <span class='ocr_line' id='line_1_15' title="bbox 155 1991 827 2084; baseline -0.001 -23"><span class='ocrx_word' id='word_1_101' title='bbox 155 1992 254 2061; x_wconf 91' lang='lat' dir='ltr'><strong>idem</strong></span> <span class='ocrx_word' id='word_1_102' title='bbox 272 1991 377 2084; x_wconf 88' lang='lat' dir='ltr'><strong>plane</strong></span> <span class='ocrx_word' id='word_1_103' title='bbox 393 1991 470 2072; x_wconf 74' lang='grc' dir='ltr'><strong>ἦθος</strong></span> <span class='ocrx_word' id='word_1_104' title='bbox 486 2014 651 2084; x_wconf 83' lang='lat' dir='ltr'><strong>regnasse</strong></span> <span class='ocrx_word' id='word_1_105' title='bbox 669 1993 827 2062; x_wconf 83' lang='lat' dir='ltr'><strong>doceam.</strong></span> 
     </span>
    </p>

    <p class='ocr_par' dir='ltr' id='par_1_4' title="bbox 153 2106 1236 4283">
     <span class='ocr_line' id='line_1_16' title="bbox 207 2106 1207 2200; baseline 0.007 -24"><span class='ocrx_word' id='word_1_106' title='bbox 207 2106 332 2199; x_wconf 89' lang='lat' dir='ltr'><strong>Atque</strong></span> <span class='ocrx_word' id='word_1_107' title='bbox 354 2107 450 2177; x_wconf 93' lang='lat' dir='ltr'><strong>haud</strong></span> <span class='ocrx_word' id='word_1_108' title='bbox 476 2108 560 2189; x_wconf 88' lang='lat' dir='ltr'><strong>seio,</strong></span> <span class='ocrx_word' id='word_1_109' title='bbox 583 2131 629 2176; x_wconf 88' lang='lat' dir='ltr'><strong>an</strong></span> <span class='ocrx_word' id='word_1_110' title='bbox 649 2107 895 2177; x_wconf 87' lang='lat' dir='ltr'><strong>vehementius</strong></span> <span class='ocrx_word' id='word_1_111' title='bbox 920 2109 957 2178; x_wconf 92' lang='lat' dir='ltr'><strong>id</strong></span> <span class='ocrx_word' id='word_1_112' title='bbox 980 2111 1075 2200; x_wconf 91' lang='lat' dir='ltr'><strong>quod</strong></span> <span class='ocrx_word' id='word_1_113' title='bbox 1100 2112 1207 2183; x_wconf 88' lang='lat' dir='ltr'><strong>velim</strong></span> 
     </span>
     <span class='ocr_line' id='line_1_17' title="bbox 153 2224 1236 2315; baseline 0.006 -23"><span class='ocrx_word' id='word_1_114' title='bbox 153 2246 203 2293; x_wconf 92' lang='lat' dir='ltr'><strong>ex</strong></span> <span class='ocrx_word' id='word_1_115' title='bbox 233 2225 329 2294; x_wconf 87' lang='lat' dir='ltr'><strong>hisce</strong></span> <span class='ocrx_word' id='word_1_116' title='bbox 359 2224 598 2305; x_wconf 88' lang='lat' dir='ltr'><strong>confirmetur,</strong></span> <span class='ocrx_word' id='word_1_117' title='bbox 629 2246 733 2314; x_wconf 90' lang='lat' dir='ltr'><strong>quam</strong></span> <span class='ocrx_word' id='word_1_118' title='bbox 766 2247 810 2293; x_wconf 89' lang='lat' dir='ltr'><strong>ex</strong></span> <span class='ocrx_word' id='word_1_119' title='bbox 836 2225 879 2293; x_wconf 89' lang='lat' dir='ltr'><strong>iis</strong></span> <span class='ocrx_word' id='word_1_120' title='bbox 910 2247 988 2315; x_wconf 87' lang='lat' dir='ltr'><strong>quae</strong></span> <span class='ocrx_word' id='word_1_121' title='bbox 1015 2235 1099 2296; x_wconf 88' lang='lat' dir='ltr'><strong>ante</strong></span> <span class='ocrx_word' id='word_1_122' title='bbox 1125 2236 1236 2297; x_wconf 68' lang='lat' dir='ltr'><strong>sunt&#39;</strong></span> 
     </span>
     <span class='ocr_line' id='line_1_18' title="bbox 157 2338 1208 2433; baseline 0.006 -25"><span class='ocrx_word' id='word_1_123' title='bbox 157 2339 264 2408; x_wconf 90' lang='lat' dir='ltr'><strong>dicta.</strong></span> <span class='ocrx_word' id='word_1_124' title='bbox 317 2338 409 2408; x_wconf 88' lang='lat' dir='ltr'><strong>Fieri</strong></span> <span class='ocrx_word' id='word_1_125' title='bbox 441 2339 537 2408; x_wconf 88' lang='lat' dir='ltr'><strong>enim</strong></span> <span class='ocrx_word' id='word_1_126' title='bbox 567 2340 694 2431; x_wconf 92' lang='lat' dir='ltr'><strong>potuit,</strong></span> <span class='ocrx_word' id='word_1_127' title='bbox 723 2341 833 2408; x_wconf 90' lang='lat' dir='ltr'><strong>immo</strong></span> <span class='ocrx_word' id='word_1_128' title='bbox 861 2341 1034 2433; x_wconf 89' lang='lat' dir='ltr'><strong>exemplis</strong></span> <span class='ocrx_word' id='word_1_129' title='bbox 1061 2345 1208 2414; x_wconf 93' lang='lat' dir='ltr'><strong>minime</strong></span> 
     </span>
     <span class='ocr_line' id='line_1_19' title="bbox 153 2454 1207 2545; baseline 0.008 -22"><span class='ocrx_word' id='word_1_130' title='bbox 153 2456 427 2524; x_wconf 77' lang='lat' dir='ltr'><strong>contemnendis</strong></span> <span class='ocrx_word' id='word_1_131' title='bbox 444 2455 580 2524; x_wconf 89' lang='lat' dir='ltr'><strong>factum</strong></span> <span class='ocrx_word' id='word_1_132' title='bbox 598 2455 706 2524; x_wconf 87' lang='lat' dir='ltr'><strong>fuisse</strong></span> <span class='ocrx_word' id='word_1_133' title='bbox 722 2454 802 2545; x_wconf 94' lang='lat' dir='ltr'><strong>plus</strong></span> <span class='ocrx_word' id='word_1_134' title='bbox 823 2456 933 2524; x_wconf 90' lang='lat' dir='ltr'><strong>semel</strong></span> <span class='ocrx_word' id='word_1_135' title='bbox 951 2465 1050 2526; x_wconf 89' lang='lat' dir='ltr'><strong>certo</strong></span> <span class='ocrx_word' id='word_1_136' title='bbox 1067 2459 1207 2543; x_wconf 89' lang='lat' dir='ltr'><strong>scimus,</strong></span> 
     </span>
     <span class='ocr_line' id='line_1_20' title="bbox 156 2568 1208 2643; baseline 0.007 -7"><span class='ocrx_word' id='word_1_137' title='bbox 156 2575 199 2637; x_wconf 92' lang='lat' dir='ltr'><strong>ut</strong></span> <span class='ocrx_word' id='word_1_138' title='bbox 217 2568 253 2636; x_wconf 92' lang='lat' dir='ltr'><strong>in</strong></span> <span class='ocrx_word' id='word_1_139' title='bbox 271 2569 434 2639; x_wconf 89' lang='lat' dir='ltr'><strong>universa</strong></span> <span class='ocrx_word' id='word_1_140' title='bbox 451 2570 599 2638; x_wconf 89' lang='lat' dir='ltr'><strong>materie</strong></span> <span class='ocrx_word' id='word_1_141' title='bbox 617 2570 781 2639; x_wconf 79' lang='lat' dir='ltr'><strong>carminis</strong></span> <span class='ocrx_word' id='word_1_142' title='bbox 799 2593 870 2639; x_wconf 90' lang='lat' dir='ltr'><strong>non</strong></span> <span class='ocrx_word' id='word_1_143' title='bbox 888 2593 992 2640; x_wconf 93' lang='lat' dir='ltr'><strong>suum</strong></span> <span class='ocrx_word' id='word_1_144' title='bbox 1010 2573 1072 2642; x_wconf 88' lang='lat' dir='ltr'><strong>sed</strong></span> <span class='ocrx_word' id='word_1_145' title='bbox 1090 2572 1208 2643; x_wconf 89' lang='lat' dir='ltr'><strong>saeculi</strong></span> 
     </span>
     <span class='ocr_line' id='line_1_21' title="bbox 157 2684 1208 2777; baseline 0.007 -26"><span class='ocrx_word' id='word_1_146' title='bbox 157 2684 212 2751; x_wconf 92' lang='lat' dir='ltr'><strong>sni</strong></span> <span class='ocrx_word' id='word_1_147' title='bbox 251 2684 432 2776; x_wconf 87' lang='lat' dir='ltr'><strong>ingenium</strong></span> <span class='ocrx_word' id='word_1_148' title='bbox 474 2692 682 2775; x_wconf 87' lang='lat' dir='ltr'><strong>sequeretur</strong></span> <span class='ocrx_word' id='word_1_149' title='bbox 719 2685 895 2776; x_wconf 88' lang='lat' dir='ltr'><strong>primariae</strong></span> <span class='ocrx_word' id='word_1_150' title='bbox 933 2709 1073 2777; x_wconf 92' lang='lat' dir='ltr'><strong>quoque</strong></span> <span class='ocrx_word' id='word_1_151' title='bbox 1115 2697 1208 2758; x_wconf 87' lang='lat' dir='ltr'><strong>notae</strong></span> 
     </span>
     <span class='ocr_line' id='line_1_22' title="bbox 159 2797 1207 2893; baseline 0.005 -26"><span class='ocrx_word' id='word_1_152' title='bbox 159 2797 283 2869; x_wconf 86' lang='lat' dir='ltr'><strong>Poeta.</strong></span> <span class='ocrx_word' id='word_1_153' title='bbox 335 2797 388 2869; x_wconf 84' lang='lat' dir='ltr'><strong>At.</strong></span> <span class='ocrx_word' id='word_1_154' title='bbox 412 2822 610 2882; x_wconf 73' lang='lat' dir='ltr'><strong>varocum</strong></span> <span class='ocrx_word' id='word_1_155' title='bbox 641 2802 796 2893; x_wconf 92' lang='lat' dir='ltr'><strong>singulas</strong></span> <span class='ocrx_word' id='word_1_156' title='bbox 826 2811 944 2893; x_wconf 90' lang='lat' dir='ltr'><strong>partes</strong></span> <span class='ocrx_word' id='word_1_157' title='bbox 972 2803 1207 2891; x_wconf 87' lang='lat' dir='ltr'><strong>exsequimur,</strong></span> 
     </span>
     <span class='ocr_line' id='line_1_23' title="bbox 158 2916 1208 3008; baseline 0.005 -25"><span class='ocrx_word' id='word_1_158' title='bbox 158 2937 242 2983; x_wconf 93' lang='lat' dir='ltr'><strong>cum</strong></span> <span class='ocrx_word' id='word_1_159' title='bbox 283 2916 486 2985; x_wconf 88' lang='lat' dir='ltr'><strong>excutimus</strong></span> <span class='ocrx_word' id='word_1_160' title='bbox 525 2937 643 2984; x_wconf 88' lang='lat' dir='ltr'><strong>rerum</strong></span> <span class='ocrx_word' id='word_1_161' title='bbox 683 2916 866 3008; x_wconf 81' lang='lat' dir='ltr'><strong>imagines,</strong></span> <span class='ocrx_word' id='word_1_162' title='bbox 901 2939 982 2985; x_wconf 89' lang='lat' dir='ltr'><strong>cum</strong></span> <span class='ocrx_word' id='word_1_163' title='bbox 1020 2917 1129 2987; x_wconf 83' lang='lat' dir='ltr'><strong>verba</strong></span> <span class='ocrx_word' id='word_1_164' title='bbox 1167 2940 1208 2988; x_wconf 86' lang='lat' dir='ltr'><strong>ac</strong></span> 
     </span>
     <span class='ocr_line' id='line_1_24' title="bbox 156 3031 1209 3125; baseline 0.005 -26"><span class='ocrx_word' id='word_1_165' title='bbox 156 3053 324 3100; x_wconf 89' lang='lat' dir='ltr'><strong>numeros</strong></span> <span class='ocrx_word' id='word_1_166' title='bbox 357 3031 401 3100; x_wconf 91' lang='lat' dir='ltr'><strong>ad</strong></span> <span class='ocrx_word' id='word_1_167' title='bbox 429 3038 589 3101; x_wconf 90' lang='lat' dir='ltr'><strong>nostrum</strong></span> <span class='ocrx_word' id='word_1_168' title='bbox 619 3031 803 3101; x_wconf 87' lang='lat' dir='ltr'><strong>arbitrium</strong></span> <span class='ocrx_word' id='word_1_169' title='bbox 829 3032 1004 3125; x_wconf 73' lang='lat' dir='ltr'><strong>fingimus</strong></span> <span class='ocrx_word' id='word_1_170' title='bbox 1031 3032 1127 3103; x_wconf 89' lang='lat' dir='ltr'><strong>ultra</strong></span> <span class='ocrx_word' id='word_1_171' title='bbox 1154 3057 1209 3104; x_wconf 87' lang='lat' dir='ltr'><strong>re-</strong></span> 
     </span>
     <span class='ocr_line' id='line_1_25' title="bbox 158 3146 1207 3241; baseline 0.004 -26"><span class='ocrx_word' id='word_1_172' title='bbox 158 3154 278 3216; x_wconf 89' lang='lat' dir='ltr'><strong>curret</strong></span> <span class='ocrx_word' id='word_1_173' title='bbox 308 3147 416 3215; x_wconf 91' lang='lat' dir='ltr'><strong>animi</strong></span> <span class='ocrx_word' id='word_1_174' title='bbox 450 3146 596 3228; x_wconf 87' lang='lat' dir='ltr'><strong>indoles,</strong></span> <span class='ocrx_word' id='word_1_175' title='bbox 632 3149 706 3216; x_wconf 87' lang='lat' dir='ltr'><strong>sive</strong></span> <span class='ocrx_word' id='word_1_176' title='bbox 746 3148 861 3227; x_wconf 90' lang='lat' dir='ltr'><strong>insita,</strong></span> <span class='ocrx_word' id='word_1_177' title='bbox 897 3171 959 3217; x_wconf 89' lang='lat' dir='ltr'><strong>seu</strong></span> <span class='ocrx_word' id='word_1_178' title='bbox 997 3147 1104 3241; x_wconf 92' lang='lat' dir='ltr'><strong>longo</strong></span> <span class='ocrx_word' id='word_1_179' title='bbox 1142 3172 1207 3219; x_wconf 88' lang='lat' dir='ltr'><strong>usu</strong></span> 
     </span>
     <span class='ocr_line' id='line_1_26' title="bbox 158 3263 1209 3354; baseline 0.003 -23"><span class='ocrx_word' id='word_1_180' title='bbox 158 3263 319 3332; x_wconf 87' lang='lat' dir='ltr'><strong>firmata:</strong></span> <span class='ocrx_word' id='word_1_181' title='bbox 351 3263 395 3332; x_wconf 89' lang='lat' dir='ltr'><strong>de</strong></span> <span class='ocrx_word' id='word_1_182' title='bbox 418 3285 488 3353; x_wconf 89' lang='lat' dir='ltr'><strong>qna</strong></span> <span class='ocrx_word' id='word_1_183' title='bbox 515 3272 593 3331; x_wconf 90' lang='lat' dir='ltr'><strong>tum</strong></span> <span class='ocrx_word' id='word_1_184' title='bbox 618 3263 761 3331; x_wconf 91' lang='lat' dir='ltr'><strong>demum</strong></span> <span class='ocrx_word' id='word_1_185' title='bbox 786 3263 983 3332; x_wconf 88' lang='lat' dir='ltr'><strong>certissima</strong></span> <span class='ocrx_word' id='word_1_186' title='bbox 1006 3265 1209 3354; x_wconf 87' lang='lat' dir='ltr'><strong>conjectura</strong></span> 
     </span>
     <span class='ocr_line' id='line_1_27' title="bbox 159 3378 1208 3470; baseline 0 -22"><span class='ocrx_word' id='word_1_187' title='bbox 159 3379 234 3461; x_wconf 82' lang='lat' dir='ltr'><strong>fiet,</strong></span> <span class='ocrx_word' id='word_1_188' title='bbox 266 3401 348 3449; x_wconf 87' lang='lat' dir='ltr'><strong>cum</strong></span> <span class='ocrx_word' id='word_1_189' title='bbox 378 3378 594 3449; x_wconf 86' lang='lat' dir='ltr'><strong>videbuntur</strong></span> <span class='ocrx_word' id='word_1_190' title='bbox 622 3379 713 3448; x_wconf 90' lang='lat' dir='ltr'><strong>bene</strong></span> <span class='ocrx_word' id='word_1_191' title='bbox 748 3378 935 3448; x_wconf 88' lang='lat' dir='ltr'><strong>convenire</strong></span> <span class='ocrx_word' id='word_1_192' title='bbox 964 3401 1093 3470; x_wconf 89' lang='lat' dir='ltr'><strong>magna</strong></span> <span class='ocrx_word' id='word_1_193' title='bbox 1127 3402 1208 3448; x_wconf 88' lang='lat' dir='ltr'><strong>oum</strong></span> 
     </span>
     <span class='ocr_line' id='line_1_28' title="bbox 159 3493 1208 3586; baseline 0 -23"><span class='ocrx_word' id='word_1_194' title='bbox 159 3494 286 3586; x_wconf 82' lang='lat' dir='ltr'><strong>parvis,</strong></span> <span class='ocrx_word' id='word_1_195' title='bbox 321 3496 507 3585; x_wconf 89' lang='lat' dir='ltr'><strong>repentina</strong></span> <span class='ocrx_word' id='word_1_196' title='bbox 539 3518 622 3564; x_wconf 91' lang='lat' dir='ltr'><strong>cum</strong></span> <span class='ocrx_word' id='word_1_197' title='bbox 656 3496 867 3586; x_wconf 82' lang='lat' dir='ltr'><strong>praeparatis,</strong></span> <span class='ocrx_word' id='word_1_198' title='bbox 903 3493 1038 3564; x_wconf 88' lang='lat' dir='ltr'><strong>colores</strong></span> <span class='ocrx_word' id='word_1_199' title='bbox 1072 3502 1208 3564; x_wconf 89' lang='lat' dir='ltr'><strong>temere</strong></span> 
     </span>
     <span class='ocr_line' id='line_1_29' title="bbox 159 3609 1208 3702; baseline -0.002 -22"><span class='ocrx_word' id='word_1_200' title='bbox 159 3611 260 3701; x_wconf 89' lang='lat' dir='ltr'><strong>quasi</strong></span> <span class='ocrx_word' id='word_1_201' title='bbox 289 3611 379 3702; x_wconf 89' lang='lat' dir='ltr'><strong>jacti</strong></span> <span class='ocrx_word' id='word_1_202' title='bbox 406 3633 487 3680; x_wconf 90' lang='lat' dir='ltr'><strong>cum</strong></span> <span class='ocrx_word' id='word_1_203' title='bbox 515 3611 653 3679; x_wconf 91' lang='lat' dir='ltr'><strong>ratione</strong></span> <span class='ocrx_word' id='word_1_204' title='bbox 684 3612 795 3680; x_wconf 91' lang='lat' dir='ltr'><strong>totius</strong></span> <span class='ocrx_word' id='word_1_205' title='bbox 825 3611 982 3701; x_wconf 88' lang='lat' dir='ltr'><strong>picturae.</strong></span> <span class='ocrx_word' id='word_1_206' title='bbox 1057 3609 1137 3692; x_wconf 84' lang='lat' dir='ltr'><strong>Quo</strong></span> <span class='ocrx_word' id='word_1_207' title='bbox 1171 3612 1208 3678; x_wconf 89' lang='lat' dir='ltr'><strong>in</strong></span> 
     </span>
     <span class='ocr_line' id='line_1_30' title="bbox 159 3724 1208 3818; baseline -0.002 -23"><span class='ocrx_word' id='word_1_208' title='bbox 159 3748 290 3818; x_wconf 87' lang='lat' dir='ltr'><strong>genere</strong></span> <span class='ocrx_word' id='word_1_209' title='bbox 324 3747 429 3794; x_wconf 92' lang='lat' dir='ltr'><strong>nemo</strong></span> <span class='ocrx_word' id='word_1_210' title='bbox 463 3726 624 3817; x_wconf 86' lang='lat' dir='ltr'><strong>profecto</strong></span> <span class='ocrx_word' id='word_1_211' title='bbox 657 3724 785 3796; x_wconf 91' lang='lat' dir='ltr'><strong>melius</strong></span> <span class='ocrx_word' id='word_1_212' title='bbox 821 3726 888 3794; x_wconf 91' lang='lat' dir='ltr'><strong>sibi</strong></span> <span class='ocrx_word' id='word_1_213' title='bbox 922 3733 1071 3807; x_wconf 88' lang='lat' dir='ltr'><strong>constat,</strong></span> <span class='ocrx_word' id='word_1_214' title='bbox 1102 3748 1208 3815; x_wconf 91' lang='lat' dir='ltr'><strong>quam</strong></span> 
     </span>
     <span class='ocr_line' id='line_1_31' title="bbox 160 3839 1207 3933; baseline -0.001 -22"><span class='ocrx_word' id='word_1_215' title='bbox 160 3851 286 3911; x_wconf 87' lang='lat' dir='ltr'><strong>auctor</strong></span> <span class='ocrx_word' id='word_1_216' title='bbox 312 3839 452 3912; x_wconf 90' lang='lat' dir='ltr'><strong>Iliadis:</strong></span> <span class='ocrx_word' id='word_1_217' title='bbox 489 3843 559 3933; x_wconf 91' lang='lat' dir='ltr'><strong>qui,</strong></span> <span class='ocrx_word' id='word_1_218' title='bbox 587 3865 657 3933; x_wconf 92' lang='lat' dir='ltr'><strong>quo</strong></span> <span class='ocrx_word' id='word_1_219' title='bbox 683 3843 801 3912; x_wconf 89' lang='lat' dir='ltr'><strong>animo</strong></span> <span class='ocrx_word' id='word_1_220' title='bbox 832 3850 937 3912; x_wconf 81' lang='lat' dir='ltr'><strong>totum</strong></span> <span class='ocrx_word' id='word_1_221' title='bbox 964 3842 1052 3911; x_wconf 92' lang='lat' dir='ltr'><strong>illud</strong></span> <span class='ocrx_word' id='word_1_222' title='bbox 1080 3844 1207 3933; x_wconf 90' lang='lat' dir='ltr'><strong>posuit,</strong></span> 
     </span>
     <span class='ocr_line' id='line_1_32' title="bbox 161 3957 1208 4050; baseline -0.001 -21"><span class='ocrx_word' id='word_1_223' title='bbox 161 3960 289 4029; x_wconf 88' lang='lat' dir='ltr'><strong>eodem</strong></span> <span class='ocrx_word' id='word_1_224' title='bbox 321 3959 494 4050; x_wconf 88' lang='lat' dir='ltr'><strong>expressit</strong></span> <span class='ocrx_word' id='word_1_225' title='bbox 528 3958 666 4028; x_wconf 91' lang='lat' dir='ltr'><strong>minuta</strong></span> <span class='ocrx_word' id='word_1_226' title='bbox 695 3981 846 4049; x_wconf 88' lang='lat' dir='ltr'><strong>quaeque</strong></span> <span class='ocrx_word' id='word_1_227' title='bbox 876 3959 1057 4042; x_wconf 83' lang='lat' dir='ltr'><strong>membra3</strong></span> <span class='ocrx_word' id='word_1_228' title='bbox 1098 3957 1208 4028; x_wconf 89' lang='lat' dir='ltr'><strong>libere</strong></span> 
     </span>
     <span class='ocr_line' id='line_1_33' title="bbox 160 4073 1209 4166; baseline 0.001 -23"><span class='ocrx_word' id='word_1_229' title='bbox 160 4096 301 4165; x_wconf 87' lang='lat' dir='ltr'><strong>prorsus</strong></span> <span class='ocrx_word' id='word_1_230' title='bbox 330 4096 371 4144; x_wconf 90' lang='grc' dir='ltr'>ιο</span> <span class='ocrx_word' id='word_1_231' title='bbox 401 4073 561 4157; x_wconf 87' lang='lat' dir='ltr'><strong>feliciter,</strong></span> <span class='ocrx_word' id='word_1_232' title='bbox 589 4082 757 4165; x_wconf 89' lang='lat' dir='ltr'><strong>tanquam</strong></span> <span class='ocrx_word' id='word_1_233' title='bbox 785 4075 845 4164; x_wconf 94' lang='lat' dir='ltr'><strong>qui</strong></span> <span class='ocrx_word' id='word_1_234' title='bbox 876 4097 955 4145; x_wconf 91' lang='lat' dir='ltr'><strong>snas</strong></span> <span class='ocrx_word' id='word_1_235' title='bbox 984 4095 1040 4143; x_wconf 88' lang='lat' dir='ltr'><strong>res</strong></span> <span class='ocrx_word' id='word_1_236' title='bbox 1070 4096 1209 4166; x_wconf 83' lang='lat' dir='ltr'><strong>semper</strong></span> 
     </span>
     <span class='ocr_line' id='line_1_34' title="bbox 160 4197 294 4283; baseline 0 -25"><span class='ocrx_word' id='word_1_237' title='bbox 160 4197 294 4283; x_wconf 87' lang='lat' dir='ltr'><strong>ageret.</strong></span> 
     </span>
    </p>

    <p class='ocr_par' dir='ltr' id='par_1_5' title="bbox 213 4305 1209 4398">
     <span class='ocr_line' id='line_1_35' title="bbox 213 4305 1209 4398; baseline 0.001 -22"><span class='ocrx_word' id='word_1_238' title='bbox 213 4305 352 4377; x_wconf 87' lang='lat' dir='ltr'><strong>Verum</strong></span> <span class='ocrx_word' id='word_1_239' title='bbox 368 4308 413 4376; x_wconf 90' lang='lat' dir='ltr'><strong>ad</strong></span> <span class='ocrx_word' id='word_1_240' title='bbox 431 4306 596 4398; x_wconf 87' lang='lat' dir='ltr'><strong>exempla</strong></span> <span class='ocrx_word' id='word_1_241' title='bbox 612 4306 805 4376; x_wconf 84' lang='lat' dir='ltr'><strong>veniamus.</strong></span> <span class='ocrx_word' id='word_1_242' title='bbox 844 4305 1006 4389; x_wconf 81' lang='lat' dir='ltr'><strong>Quorum</strong></span> <span class='ocrx_word' id='word_1_243' title='bbox 1023 4315 1065 4376; x_wconf 91' lang='lat' dir='ltr'><strong>ut</strong></span> <span class='ocrx_word' id='word_1_244' title='bbox 1081 4308 1209 4377; x_wconf 86' lang='lat' dir='ltr'><strong>modus</strong></span> 
     </span>
    </p>
   </div>
   <div class='ocr_carea' id='block_1_3' title="bbox 0 0 1377 4866">
    <p class='ocr_par' dir='ltr' id='par_1_6' title="bbox 0 0 1377 4866">
     <span class='ocr_line' id='line_1_36' title="bbox 0 0 1377 4866; baseline 0 0"><span class='ocrx_word' id='word_1_245' title='bbox 0 0 1377 4866; x_wconf 95' lang='lat' dir='ltr'><strong> </strong></span> 
     </span>
    </p>
   </div>
  </div>
 </body>
</html>
