2738 4866
162 306 204 370 16
272 309 407 371 Docatar
421 309 562 393 occmpdr,
572 310 648 393 qaid
660 311 700 372 sit
714 311 748 372 ia
758 313 866 393 pueris
876 310 1039 374 Ponticum.
1066 335 1163 374 rann.
1176 335 1208 374 11.

161 478 413 547 contumeliam
437 477 529 548 Solis
555 480 669 548 radios
692 503 755 570 pro
782 481 878 548 omni
906 482 1083 571 stipendio
1109 505 1208 551 mon-

160 594 299 672 strand,
326 593 510 675 Δεκόμεθα,
541 595 642 676 dixit,
673 594 698 662 ol
726 596 878 680 βασιλεῦ,
909 594 953 664 ‘rd
985 592 1093 671 dadolo·
1131 607 1205 666 tum

161 707 256 777 dicto
278 709 393 790 (altine,
410 706 615 803 περιγράφει
638 714 681 800 τῇ
705 709 852 803 μαχαίρῃ
878 710 908 783 ἐς
933 708 975 780 τὸ
1001 708 1127 806 ἔδαφος
1148 701 1208 781 ποῦ

161 822 250 891 οἴκου
266 822 327 893 πόν
344 821 447 905 ἥλιον
475 821 694 918 περιγράψας
712 822 756 906 δὲ,
774 826 804 900 ἐς
821 822 882 896 τὸν
899 825 1027 896 κόλπον
1043 826 1117 921 πρὶς
1133 827 1208 921 dpv-

160 935 299 1019 σάμενος
321 944 382 1008 τοῦ
409 939 511 1021 ἡλίου,
537 937 796 1010 ἀπαλλάσσετο.
850 941 907 1011 Ita
931 943 1109 1033 specimen
1138 966 1206 1012 suae

116 1101 118 1104 >
160 1054 259 1123 dedit
289 1053 427 1136 indolis,
458 1056 607 1146 egregia
640 1077 734 1137 sane,
772 1079 922 1148 vereque
952 1058 1100 1150 regalis:
1138 1080 1207 1148 quo

160 1180 329 1259 tanquam
348 1170 465 1237 omine
484 1170 691 1259 perterritus
708 1171 830 1239 statim
848 1179 1027 1262 tyrannm,
1049 1172 1207 1264 elapsum

160 1307 180 1352 e
207 1285 369 1353 manibus
395 1306 472 1353 sero
501 1269 554 1352 ad'
571 1286 760 1375 perniciem
786 1287 966 1376 quaesivit;
1002 1289 1130 1357 deinde
1156 1310 1207 1356 re·

160 1421 311 1480 versum,
338 1398 445 1492 longo
475 1408 556 1489 post
582 1408 754 1491 tempore,
781 1400 876 1470 bello
907 1411 945 1470 et
974 1402 1080 1470 armis
1107 1424 1206 1493 supe-

159 1513 287 1583 riorem
319 1523 373 1584 est
403 1524 581 1605 expertus.
633 1514 725 1583 Haec
755 1517 874 1591 omnia
900 1515 1117 1599 Herodotus,
1145 1540 1206 1587 suo

160 1650 268 1710 more,
288 1630 464 1719 permixta
481 1630 619 1712 fabulis,
638 1632 690 1700 ita
713 1641 831 1700 tamen
851 1640 892 1700 ut
909 1631 1060 1722 plurima
1077 1633 1207 1724 ubique

160 1744 346 1812 veritatem
375 1753 412 1813 et
442 1753 605 1814 naturam
632 1744 834 1815 redoleant:
871 1769 948 1836 quae
978 1746 1206 1838 disputationi

159 1857 243 1926 huic
277 1867 405 1928 nostra:
439 1882 510 1928 non
543 1862 735 1951 incongrua
770 1861 845 1929 fore
875 1862 1086 1931 existimavi.
1139 1869 1223 1958 Νθχ

160 1995 229 2063 que
255 1974 350 2043 enirn
372 1976 568 2065 quisquam,
593 1984 634 2043 ut
664 1977 797 2067 opinor,
823 1977 974 2058 dubitet,
998 1978 1027 2046 si
1049 1977 1121 2047 tale
1147 1977 1208 2047 ali-

160 2089 243 2180 quid
284 2090 388 2158 hodie
428 2092 661 2181 conspexerit,
700 2092 786 2181 quin
825 2091 1013 2160 scintillam
1053 2093 1206 2183 aliquam

159 2206 307 2297 poeticae
333 2205 483 2274 flammae
513 2207 699 2276 emicuisse
728 2206 823 2275 dieat
853 2230 962 2298 puero
992 2207 1066 2287 illi;
1102 2231 1207 2298 quem

159 2332 280 2390 tamen
304 2321 419 2412 ipsum
439 2322 482 2389 de
501 2344 603 2391 versu
628 2321 790 2391 faciendo
814 2322 912 2391 nullo
939 2346 1095 2413 unquam
1111 2332 1209 2392 tem-

159 2458 243 2527 pore
273 2458 319 2504 ue
349 2437 540 2505 somniasse
571 2437 715 2527 quidem
745 2445 800 2505 est
823 2437 1013 2507 credibile.
1068 2438 1207 2509 Verum

159 2553 288 2644 poetici
320 2559 395 2619 erat
424 2552 624 2632 instinctus,
651 2553 719 2621 isto
749 2553 847 2642 quasi
879 2552 1068 2623 simulacro
1103 2554 1207 2623 solari

158 2668 295 2759 regium
333 2667 503 2749 animum,
542 2666 732 2758 gloriaeque
771 2677 1011 2758 appetentem,
1049 2670 1208 2738 nondum

158 2793 277 2853 tamen
313 2784 450 2876 agendo
489 2791 679 2853 maturum.
744 2783 861 2865 Quem
899 2785 926 2852 si
963 2785 1113 2852 fortunae
1148 2785 1210 2852 ad-

159 2922 278 2968 versus
302 2906 405 2967 tenor
427 2899 472 2967 de
500 2922 609 2990 regno
632 2898 788 2990 cogitare
811 2900 992 2980 vetuisset,
1014 2899 1119 2968 facile
1142 2901 1206 2970 tibi

157 3017 269 3108 lingas
287 3014 480 3094 Homerico
501 3015 656 3084 carmine
680 3037 759 3105 spes
779 3015 896 3083 irritas
917 3024 1100 3105 utcunque
1116 3016 1210 3086 mul-

157 3140 311 3212 centem,
341 3130 536 3221 praeliisque
564 3131 730 3199 canendis
764 3131 1056 3200 insenescentem.
1111 3131 1205 3214 Quid

157 3245 295 3315 multa?
347 3245 464 3314 Unico
485 3246 552 3314 hoo
578 3245 743 3336 exemplo
770 3245 853 3314 satis
869 3247 946 3336 jam
970 3254 1131 3316 constare
1154 3272 1207 3317 ar-

157 3362 278 3441 bitror,
296 3361 463 3451 quidnam
488 3361 554 3430 sibi
579 3360 690 3429 velint
706 3361 879 3441 homines,
896 3362 925 3429 si
943 3362 1082 3450 quando
1101 3370 1123 3400 ‘⁶
1134 3364 1206 3431 ani-

156 3499 274 3546 mosos
297 3476 480 3558 infanteS,'’
499 3483 541 3544 ut
564 3499 647 3544 oum
665 3474 817 3544 Horatio
835 3475 970 3565 loquar,
989 3476 1116 3545 Poesin
1142 3479 1206 3546 im-

157 3595 350 3686 prudentes
367 3614 533 3661 exercere
551 3592 680 3660 dicant.

207 3825 326 3897 Venio
360 3823 406 3893 ad
436 3831 591 3916 agrestes
619 3831 656 3891 et
692 3822 874 3892 indoctos:
912 3824 956 3892 de
987 3825 1114 3913 quibus
1144 3826 1205 3896 ali-

156 3940 297 4032 quando
327 3938 480 4008 dubitari
510 3939 684 4018 audimua
715 3961 759 4008 an
790 3937 983 4028 voluptatis
1010 3939 1097 4029 ejuS,
1128 3964 1206 4032 quae

157 4080 239 4126 cum
271 4054 373 4123 Poesi
400 4054 534 4144 optime
565 4061 746 4145 congruat,
775 4051 849 4121 ullo
881 4054 987 4121 modo
1016 4057 1206 4149 participes

157 4169 278 4238 haberi
308 4166 471 4235 debeant.
523 4167 614 4248 Quae
647 4168 760 4236 omnis
792 4166 979 4247 dubitatio,
1011 4177 1052 4237 ut
1082 4194 1205 4241 verum

157 4286 278 4363 fatear,
296 4281 387 4351 solet
408 4281 495 4350 mihi
518 4282 628 4351 videri
651 4283 889 4374 arrogantiam
916 4306 1064 4374 quaeque
1085 4289 1205 4358 otiosis
