2738 4866
158 333 225 394 158
331 327 381 393 Ab
396 329 524 391 Homero
538 321 655 403 diuites,
672 349 692 390 o
715 325 1015 412 Virpt‘biopooparas,
1068 343 1161 384 nunu
1172 345 1201 384 x.

157 498 316 590 apprime
346 497 568 577 conveniant,
596 495 803 588 ¹suscipienti
837 493 882 563 ad
912 501 1055 584 tempus
1089 499 1201 582 partes

158 615 314 744 ductoris
329 599 429 745 sni²l
628 624 632 630 ’

301 798 571 814 ................
580 755 753 825 τετιμήμεσθα
765 718 882 824 μάλιστα

298 846 359 916 ἕδρη
371 867 400 898 τε
413 845 518 916 κρέασίν
529 867 546 898 τ
545 842 610 912 ’ἣδε
621 843 721 899 πλείοις
733 843 874 898 δεπάεσσιν

299 932 326 985 ἒν
338 931 425 1000 Λυκιη,
437 933 531 986 πάντες
543 931 579 994 δε,
593 929 691 986 θεοὺς”
678 952 721 993 ος,
733 929 898 999 εἰσορόωσιν·

299 1019 341 1072 καὶ
353 1017 457 1086 τέμενος
468 1017 612 1087 νενόμεσθα
623 1016 700 1088 με’γα,
712 1017 822 1073 Ξάνθοιο
833 1015 893 1087 παρ’
906 1015 996 1085 ὄχθας,

299 1106 378 1158 καλὸν
390 1105 518 1174 φυταλιῆς
530 1104 571 1157 καὶ
583 1103 694 1175 ἀροόρης
705 1105 886 1175 πυροφόροιο..
897 1145 903 1158 .
915 1145 938 1158 ..

300 1191 331 1244 οὐ
342 1193 393 1260 μὰν
404 1191 507 1259 ἀκληεῖς
520 1191 614 1259 Λυκίην
626 1191 691 1245 κάτα
702 1189 879 1262 κοιρανέουσιν

299 1277 565 1347 ἡμέτεροιβασιλῆες,
579 1277 669 1332 ἔδουσί
675 1274 708 1330 Ιτε
718 1277 795 1333 πίονα
806 1275 885 1346 μῆλαρ

179 1425 183 1432 7
220 1426 222 1430 Α
300 1359 369 1419 οἶνόν
380 1362 402 1418 τ’
416 1364 525 1432 ἔξαιτον,
537 1363 668 1432 μελιηδέα·
673 1404 837 1419 ..........

162 1503 292 1594 Neque
317 1503 413 1574 aliud
439 1526 562 1574 sonare
586 1497 747 1587 dixerim,
765 1506 859 1596 quod
879 1503 1062 1574 Phoenix
1052 1528 1090 1574 rn
1108 1506 1203 1576 donis

160 1627 275 1689 morat
275 1643 318 1689 ur
341 1618 521 1712 sigillatim
545 1620 803 1711 enumerandis,
820 1643 899 1711 quae
923 1621 968 1732 ad
969 1621 1202 1712 placandum

161 1734 387 1828 Meleagrum
404 1735 563 1806 adhibita
579 1729 708 1806 erantf.

211 1848 386 1920 Praeterea
409 1873 480 1919 non
500 1849 612 1919 semel
639 1851 733 1942 apud
751 1848 984 1922 Homerum
974 1819 1092 1943 ipsum
1110 1851 1204 1948 illud,

162 1963 398 2056 Locupletem
419 1987 507 2048 esse,
525 1965 624 2035 velut
644 1965 852 2057 praeclarum
870 1967 1014 2059 aliquid,
1033 1943 1204 2038 laudator

161 2077 415 2150 Andromache
432 2079 620 2186 πολύδωρος
637 2081 867 2174 appellaturss.
905 2083 1113 2153 Ericthonio
1130 2105 1206 2173 pro·

161 2219 228 2266 avo
241 2219 279 2264 se
290 2196 405 2286 jactat
419 2197 558 2279 AEneas,
570 2199 664 2288 quod
679 2199 813 2268 fuerit
803 2221 833 2269 ιε
847 2198 1070 2295 ἀφνειότατος
1088 2203 1206 2302 θνητῶν

161 2298 376 2407 dvdporovl.
428 2311 667 2384 Inveniuntur
695 2315 801 2385 etiam
838 2315 1099 2399 similitudines,
1134 2337 1209 2406 quae

161 2426 259 2497 haud
287 2427 396 2497 dubie
425 2427 619 2519 splendoris
646 2429 778 2521 aliquid
806 2439 987 2501 arcessunt
1018 2431 1085 2500 sibi
1112 2452 1207 2501 men·

162 2543 265 2613 tione
290 2539 518 2613 divitiarumi.

301 2703 386 2768 Τρῶες
399 2697 429 2761 δ,
443 2698 505 2753 ὥστ’
519 2695 570 2754 ἀΐες
581 2701 763 2769 πολυπάμονος
774 2701 868 2771 ἀνδρὸς
879 2701 907 2754 ἒν
918 2701 992 2769 αὐλῇ.
1005 2746 1008 2755 ,
1041 2748 1044 2755 .

300 2783 388 2856 μύριαι
400 2787 550 2854 ἑστηκοσιν,
562 2786 735 2857 ἀμελγόμενα
746 2788 816 2858 γάλα
827 2790 928 2841 λευκόν.

161 2922 264 3005 Tum,
307 2923 433 3013 quibus
474 2933 618 2994 ornatur
655 2924 780 3014 aquilae
818 2925 967 3016 pictura,
1007 2927 1126 2995 missae
1165 2923 1207 2994 ad

163 3036 344 3107 Priamum
362 3040 498 3131 augurii
517 3035 665 3109 causal:

302 3191 373 3260 ὅσση
386 3192 409 3246 δ’
422 3193 574 3272 ὑψορόφοιο
586 3193 651 3264 θύρη
664 3193 792 3264 θαλάμοιο
804 3194 919 3249 τέτυκται

302 3277 393 3349 ἀνέρος
404 3278 533 3349 ἀφνειοῖο,
547 3277 658 3347 ε’ῠκλὴἳς,
670 3281 788 3351 ἀραρυῖα,

304 3364 381 3419 τόσσ’
394 3364 444 3435 ἀρα
456 3369 502 3419 τοῦ
514 3366 649 3436 ἑκάτερθεν
661 3367 726 3421 ἕσαν
736 3367 832 3438 πτερά.ἱ
901 3382 904 3386 “
918 3441 920 3445 ⁴

163 3499 259 3583 Quid
285 3501 422 3572 multa?
459 3522 598 3593 semper
623 3509 661 3571 et
686 3501 818 3592 ubique
844 3500 1007 3582 divitum,
1034 3499 1072 3566 ni
1088 3498 1208 3579 fallor,

162 3613 331 3685 clientem
365 3639 543 3710 agnosces,
577 3617 694 3709 ipsum
733 3639 809 3686 non¹
843 3615 932 3684 adeo
967 3614 1208 3684 abundantem

163 3732 303 3822 opibus,
335 3771 337 3775 ·
388 3780 391 3783 -
420 3751 423 3754 ’
458 3728 460 3731 ’

181 3842 354 3930 scontra‘,
373 3847 546 3942 Virgilius
572 3872 642 3939 quo
665 3849 783 3917 animo
806 3849 998 3917 rustioetur
1021 3871 1094 3917 non
1118 3846 1211 3917 male

162 3959 347 4053 exponunt
364 3985 416 4045 ea,
434 3985 514 4056 quae
532 3963 641 4033 habet
658 3965 793 4034 amisus
810 3964 896 4054 ejus,
915 3960 1102 4033 Horatius.

197 4202 260 4256 ll
273 4221 318 4257 τοι
332 4221 393 4274 310.
471 4205 531 4261 ¹ix.
545 4208 606 4279 576.
686 4207 750 4267 avi.
764 4226 832 4280 3943
852 4227 914 4262 xxn
928 4209 972 4263 88
1058 4209 1134 4262 lmr.
1150 4224 1209 4262 220.

160 4275 220 4340 'ive
234 4304 296 4356 433.
404 4289 504 4346 ¹‘mrim
518 4306 580 4363 317.
