2738 4866
155 334 249 375 rann.
263 336 295 378 11.
370 315 536 394 Qaoeritor,
551 337 593 379 aa
608 316 704 400 aaa
713 326 860 402 oompetat
875 317 990 381 Poetis.
1162 319 1205 386 17

155 509 197 557 ae
222 487 336 560 beatis
356 487 569 575 hominibus,
593 495 653 562 vix
678 503 798 563 autem
818 490 912 564 bene
938 496 1100 574 cordatis,
1121 517 1205 563 oon·

155 605 287 673 veniat.
339 605 421 675 Nisi
446 607 538 676 forte
564 605 625 679 illa
654 609 747 698 apud
768 607 979 678 «Iuvenalem
1011 609 1101 678 serio
1126 609 1204 701 quis

155 719 275 788 animo
293 721 389 790 diota
405 723 616 804 arbitretur3

437 863 458 887 “
471 858 566 930 Neque
578 859 650 912 enim
663 866 768 912 cantare
781 858 832 912 sub
845 867 921 911 antro

329 942 423 1007 Pierio,
435 945 590 1016 thyrsumve
602 953 690 1015 potest
702 944 857 1015 contingere
869 957 933 998 sana

329 1029 483 1100 Paupertas,
496 1043 576 1103 atque
584 1032 648 1086 oeris
661 1032 749 1102 inops,
763 1049 826 1102 quo,
839 1039 916 1085 nocte
929 1031 1032 1102 dieque,

330 1117 435 1188 Corpus
448 1119 537 1188 eget.’'
1201 1192 1203 1195 v

158 1227 231 1298 Sed
250 1231 454 1300 meminisse
471 1232 651 1301 debebant
669 1231 842 1313 homines,
861 1254 1109 1322 quameunque
1132 1241 1210 1301 tan-

157 1347 241 1414 dem
256 1348 321 1416 sibi
332 1346 466 1417 vellent
478 1349 609 1440 poetici
622 1348 756 1439 negotii
771 1370 945 1416 summam
959 1357 1124 1429 statuere,
1136 1371 1204 1416 non

157 1460 301 1532 aliunde
325 1464 473 1532 derivari
495 1485 574 1532 eam
595 1486 707 1553 posse,
729 1486 835 1553 quam
852 1464 898 1532 ab
920 1464 1047 1532 intima
1068 1466 1207 1556 generis

157 1574 304 1648 humani
322 1575 444 1657 forma,
462 1599 539 1667 quae
556 1577 714 1644 omnium
734 1576 896 1644 ordinum
915 1584 970 1644 est
988 1577 1196 1644 communis.
1285 1586 1288 1592 “

211 1689 296 1760 “At
310 1691 423 1760 otium
437 1693 557 1784 egenis
570 1691 750 1784 negatur.’'
787 1690 1070 1771 Incommodum,
1085 1690 1207 1771 fateor,

158 1807 188 1875 si
211 1807 256 1876 ad
278 1809 434 1878 earmina
451 1816 591 1876 tantum
609 1807 775 1899 fingenda
797 1815 946 1897 spectes.
1000 1805 1065 1874 Sin
1087 1814 1207 1874 autem
1279 1878 1283 1883 ,

160 1922 198 1990 in
214 1932 336 1991 mente
353 1924 429 2014 ipsa
447 1922 600 1992 Poeseos
624 1923 775 2014 origines
793 1922 903 1992 altius
923 1930 1072 2013 repetas,
1091 1922 1209 1992 neseio

156 2060 205 2107 an
223 2038 335 2130 magis
356 2039 402 2108 sit
425 2037 523 2135 luoro
541 2039 800 2130 apponendum,
819 2039 914 2129 quod
937 2034 1115 2134 κακοζηλίᾳ
1141 2039 1210 2107 ista

160 2161 313 2235 careant,
331 2176 412 2243 quae
430 2153 598 2222 divitibus
621 2153 798 2243 lautisque
822 2152 913 2222 solet
934 2153 1083 2235 officere,
1101 2177 1208 2244 quam

157 2269 302 2351 damno,
337 2268 431 2358 quod
465 2291 536 2337 non
573 2276 699 2338 vaoent
732 2267 856 2337 literis.
913 2267 1058 2337 Parcius
1091 2268 1206 2337 multo

159 2383 337 2453 scribunt:
373 2381 449 2450 fieri
476 2390 599 2452 tamen
624 2391 753 2474 potest,
779 2393 821 2452 ut
844 2407 886 2454 ea
913 2385 1040 2474 quibus
1070 2383 1208 2453 fervent

160 2499 269 2569 animi
286 2480 359 2566 non
375 2497 564 2567 infeliciter
580 2499 617 2566 in
636 2498 752 2569 luoem
770 2501 888 2568 edant.

223 2611 314 2683 “At
345 2613 441 2682 enim
471 2597 528 2682 rel
559 2614 691 2685 rustica
718 2616 842 2686 nutioi
871 2639 943 2685 non
974 2617 1058 2688 satis
1088 2637 1209 2687 aurare

160 2730 347 2802 dicun-mr:

336 2858 347 2882 ‘
360 2851 443 2906 Hunc
456 2852 547 2917 solem,
560 2861 586 2907 et
600 2854 697 2917 stellas,
710 2864 736 2908 et
746 2853 898 2908 decedentia
909 2855 988 2908 certis

356 2939 489 3008 Tempora
500 2941 643 2994 momentis
656 2950 776 3010 spectant
787 2941 928 2996 formidine
940 2941 1014 2995 nulle

358 3025 486 3080 Imbuti:'
603 3039 606 3042 ’

160 3139 365 3222 Quinetiam
389 3139 610 3210 sermonibus
635 3141 717 3220 suis,
735 3162 823 3230 quos
845 3162 908 3230 pro
931 3149 1092 3230 tempore
1117 3135 1211 3209 inter

161 3277 199 3325 se
233 3256 278 3324 de
312 3251 445 3325 mundo
479 3278 521 3324 ao
555 3254 830 3346 tempestatibus
863 3263 995 3336 serunt,
1025 3278 1098 3324 non
1130 3255 1212 3324 hor-

161 3370 236 3439 rida
263 3369 324 3440 illa
353 3380 483 3461 atquea
514 3392 615 3461 spera
646 3369 733 3451 loca,
761 3369 887 3467 divinis
918 3368 1058 3438 vatibus
1083 3377 1212 3453 amata,

161 3483 325 3567 laudant3
354 3487 415 3556 sed
442 3486 648 3576 composita,
672 3485 736 3554 sed
760 3485 884 3566 nitida,
906 3486 968 3554 sed
991 3485 1210 3556 fastidiosam

162 3602 338 3689 quandam
366 3601 514 3692 copiam,
541 3623 681 3690 semper
709 3600 782 3667 fere
808 3599 927 3668 mirari
954 3600 1091 3682 solent’,
1123 3602 1213 3670 vari-

162 3713 819 3808 asqueeolummsylvisimmisoenff'
843 3715 941 3805 Quid
953 3714 1085 3786 multa?
1107 3717 1136 3785 si
1147 3716 1211 3786 hos

161 3829 322 3913 audietis,
341 3829 429 3899 nihil
447 3831 515 3900 erit
531 3852 671 3922 prorsus
688 3821 848 3921 agricolae
862 3854 943 3898 oum
962 3829 1101 3900 Musis:
1128 3823 1211 3899 oum

161 3943 246 4034 ipse,
264 3967 328 4014 sua
344 3968 425 4014 rura
440 3945 664 4038 negligendo,
682 3966 720 4013 se
737 3942 841 4039 plane
859 3941 1006 4024 ἄμουσον
1021 3945 1191 4014 fateatur.

165 4083 167 4087 ·
221 4057 360 4130 Verum
390 4061 581 4140 enimvero,
612 4059 672 4150 qui
707 4043 758 4127 ita
792 4059 1004 4142 fabulantur,
1040 4061 1210 4130 curiosius

162 4175 280 4266 paullo
306 4176 485 4267 inquirant
508 4175 625 4257 velim,
644 4198 725 4266 quae
751 4175 797 4243 sit
824 4175 1032 4266 plerumque
1056 4175 1213 4267 loeuple-

162 4292 252 4380 tium
266 4316 311 4362 ao
329 4293 514 4362 beatorum
532 4292 670 4362 sincera
687 4293 731 4360 de
751 4314 831 4360 rure
856 4293 1043 4362 sententia
1092 4293 1212 4375 Quam

740 4425 763 4475 c
941 4422 942 4425 ,
