2738 4866
158 313 220 380 192
391 307 560 370 Nuusicaoe
574 327 641 368 cum
663 303 765 387 [Itym
779 305 967 389 οοίῐοηινὶιιιη.
1044 327 1141 368 nanc.
1152 327 1205 367 αα.

158 498 270 569 Plane
293 494 447 590 gemella
470 502 552 564 sunt
574 516 626 574 ea,
644 495 679 561 ni
705 493 816 573 fallor,
833 502 942 584 atque
965 493 1043 574 ista,
1063 516 1145 583 quae
1163 495 1205 562 de

159 613 338 684 Nausicaa
354 613 450 681 dicta
475 633 539 679 uos
564 609 632 678 hcc
650 617 810 700 tempore
834 616 1050 678 tractamus:
1078 608 1203 699 qualia,

157 738 199 800 ut
217 731 301 809 dixi,
319 751 391 798 non
409 727 484 796 sine
499 725 676 815 exquisito
686 724 823 814 judicio
837 747 880 792 eo
891 725 1116 815 potissimum
1130 724 1205 793 loco

157 844 379 924 adhibentur,
398 864 468 931 quo
486 840 641 908 maxime
662 848 764 909 erant
789 839 968 908 reficiendi
991 841 1099 908 animi
1128 849 1205 930 post

157 959 341 1029 infandum
359 955 494 1026 Oceani
511 953 718 1023 tumultum.

218 1073 357 1143 Deinde
375 1070 521 1140 recolite
538 1071 667 1160 quibus
685 1068 747 1138 illa
763 1069 871 1161 signis
889 1070 1014 1138 doceat
1038 1069 1202 1161 Ulyssem

158 1212 236 1280 quae
253 1189 310 1257 via
327 1189 383 1269 sit,
401 1187 460 1278 qui
479 1186 576 1255 urbis
601 1187 788 1277 ingressus,
806 1187 864 1254 cui
887 1187 1023 1254 nemori
1050 1208 1205 1256 commo·

158 1303 301 1372 dissime
331 1300 375 1370 ad
403 1309 544 1389 tempus
579 1299 746 1367 succedat
780 1298 925 1389 aliquis3
965 1301 1082 1390 ipsum
1118 1300 1204 1368 adeo

157 1417 246 1487 aulae
271 1425 426 1508 patemae
459 1414 628 1494 ordinem,
662 1423 701 1481 et
735 1438 804 1505 qno
838 1417 987 1506 quisque
1013 1415 1093 1485 loco
1122 1425 1202 1485 ante

157 1534 277 1602 focum
296 1525 459 1601 sedeatd:

299 1691 369 1762 δήεις
379 1692 479 1763 άγλαδν
491 1691 575 1747 ἄλσος
585 1689 694 1759 Ἀθήνης
705 1690 767 1762 άγχι
779 1688 902 1746 κελεύθου

302 1779 429 1850 αἰγείρων·
450 1778 478 1833 έν
490 1778 518 1831 δὲ
531 1775 609 1848 κρήνη
622 1778 685 1840 νάει,
698 1778 767 1847 ἀμφὶ
779 1777 807 1831 δὲ
819 1776 923 1848 λείμων·

300 1954 401 2006 τόσσον
412 1952 463 2005 ἀπὸ
475 1954 591 2014 πτόλιος,
605 1949 690 2005 ὅσσον
701 1972 729 2003 τε
740 1950 837 2021 γέγωνε
848 1949 958 2019 βοήσας·

302 2037 363 2092 ἔνθα
376 2037 542 2106 καθεζόμενος
553 2039 636 2105 μεῖναι
647 2038 751 2107 χρόνον,
764 2037 864 2091 εἰσόκεν
876 2034 948 2106 ἡμεῖς

301 2124 396 2179 ι’ἰστυδε
409 2124 535 2192 ἔλθωμεν,
548 2125 589 2177 καὶ
602 2122 713 2192 ἱκώμεθα
725 2124 830 2193 δόματα
840 2127 947 2194 πατρός.

301 2212 381 2281 αὐτὰρ
394 2211 457 2280 ε’πήν
469 2210 547 2279 ἡμέας
558 2211 628 2278 ἔλπῃ
639 2209 700 2263 ποτὶ
713 2209 807 2280 δώματ’
820 2211 941 2281 ἀφῖχθαι,

301 2299 343 2352 καὶ
354 2301 414 2351 τότε
426 2296 542 2366 Φαιήκων
552 2295 609 2366 ἰ’μεν
622 2297 648 2353 ἒς
659 2299 745 2360 πόλιν,
759 2295 796 2365 ἡδ’
813 2297 932 2368 ἐρέεσθαι

301 2383 406 2452 δόματα
417 2385 515 2454 πατρὸς
527 2384 589 2452 ε’μοῦ
600 2381 778 2454 μεγαλήτορος
788 2382 941 2437 Ἀλκινόοιο.

300 2467 358 2540 ῥεῖα
370 2468 392 2523 δ’
404 2469 522 2540 ἀρίγνωτ’
536 2469 603 2533 ε’στί,
615 2469 657 2522 καὶ
669 2467 699 2522 ἂν
710 2471 771 2524 παῖς
781 2466 909 2538 ἡγήσωτο

302 2556 398 2624 νήπιος·
419 2558 449 2609 οὐ
460 2557 508 2627 μέν
519 2557 569 2627 γάρ
582 2578 606 2609 τι
619 2557 720 2610 ἐοικότα
731 2559 802 2610 τοῖσι
813 2555 930 2610 τέτυκται

304 2642 408 2710 δώματα
421 2640 545 2710 Φαιήκων,
558 2641 611 2698 οἶος
623 2643 701 2711 δόμος
711 2640 855 2696 Ἀλκινόοιο

302 2729 393 2800 ήρωος·
413 2728 472 2782 ἀλλ’
486 2729 557 2783 ὁπότ’
571 2729 602 2783 όν
614 2752 646 2783 σε
659 2730 734 2798 δόμοι
746 2728 872 2784 κεκύθωσι
884 2730 926 2783 καὶ
937 2731 1012 2799 αὐλὴ,

304 2815 357 2868 δκα
369 2816 439 2883 μάλα
450 2817 574 2886 μεγάροιο
587 2815 730 2884 διελθέμεν,
743 2814 804 2886 ὄφρ’
817 2815 848 2869 ἂν
859 2814 926 2885 ἵκηαι

300 2900 387 2972 μητέρ’
403 2900 473 2971 ε’μήν·
492 2901 507 2970 ἡ
520 2901 542 2956 δ’
556 2901 635 2970 ήσται
648 2899 686 2956 ἐπ’
700 2902 800 2972 ἐσχάρῃ
813 2903 841 2956 έν
852 2905 933 2972 πυρὸς
944 2905 1021 2974 αὐγή,

302 2985 417 3057 ἠλάκατα
430 2988 573 3061 στρωφῶσ’
587 2989 764 3060 ἁλιπόρφυρα,
778 2989 862 3059 θαῦμα
874 2989 985 3054 ἰδέσθαι,

302 3077 366 3129 κίονι
379 3074 520 3143 κεκλιμένη·
541 3076 623 3144 δμωαὶ
635 3075 665 3128 δέ
676 3077 700 3128 oi
713 3074 773 3129 εἵατ’
786 3074 903 3130 ὄπισθεν·

302 3161 363 3215 ἔνθα
375 3162 404 3214 δὲ
416 3163 514 3230 πατρὸς
526 3162 595 3230 ε’μεῖο
608 3161 699 3230 θρόνος
711 3161 884 3215 ποτικέκλιται
897 3163 972 3231 αὐγῇ,

302 3251 338 3318 τῷ
351 3247 396 3318 ὅγε
410 3247 567 3314 οἰνοποτάζει
580 3247 716 3319 ἐφήμενος,
729 3247 854 3302 ἀθάνατος
866 3249 908 3303 ὥς.

302 3334 348 3386 τδν
362 3335 599 3404 παραμειψάμενος,
612 3335 708 3404 μητρὸς
719 3335 790 3402 παρὰ
801 3332 910 3405 γοόνασι
921 3337 1012 3405 χεῖρας

301 3421 412 3484 βάλλειν
424 3420 547 3490 ἡμετέρης
549 3461 900 3477 .....................

163 3573 305 3648 Videtis
331 3577 450 3645 omnia
474 3577 668 3668 comparari
694 3577 739 3644 ad
765 3577 918 3666 speciem
942 3577 1199 3669 tranquillitatis

163 3699 200 3759 et
218 3690 282 3758 otii
299 3712 369 3756 nou
387 3689 562 3757 indecon':
582 3687 675 3777 quali
694 3689 751 3778 qui
771 3688 944 3771 fruuntur,
958 3711 1022 3758 suo
1040 3689 1130 3769 loco,
1144 3709 1200 3757 suo

162 3815 323 3896 tempure
346 3814 474 3898 gerunt
501 3806 628 3887 omnia,
648 3829 711 3874 nec
736 3806 891 3875 multum
910 3809 1046 3876 variant
1072 3806 1202 3900 agenda

163 3922 207 3990 de
226 3921 283 3990 die
300 3921 337 3988 in
355 3921 459 3990 diem.

214 4035 284 4104 Sed
311 4045 349 4104 et
374 4039 537 4108 universa
560 4038 746 4108 Phaeacum
774 4042 930 4132 regione,
947 4061 1203 4131 quaquaversus

586 4289 595 4320 ³
611 4290 663 4344 Od.
678 4291 712 4344 vi.
725 4307 785 4361 291.
