2738 4866
156 334 223 398 880
350 333 475 421 Tn'plca
491 332 678 399 Cassandrae
691 331 865 416 AEsclplcoe
878 330 955 396 locs.
984 364 986 372 ·
1045 350 1145 392 naun,
1152 349 1205 392 xx.

157 507 332 598 potuisset
356 506 393 575 in
419 527 542 575 eomm
563 526 672 575 censu
697 502 829 585 haberi,
851 501 1007 594 erumpit
1031 499 1130 570 illico
1155 475 1220 571 res

158 621 305 712 pontino
321 621 420 712 quasi
437 620 575 714 gemitu
586 614 614 690 ¹:

369 787 410 854 lc,
421 790 513 861 πατέρ,
525 792 585 855 σοῦ,
598 793 649 845 τῶν
660 811 689 846 re
699 788 822 861 γενναίων
832 787 934 843 τέκνων.

160 943 250 1016 Haec
270 945 330 1035 qui
356 946 446 1015 serlo
468 943 555 1015 velit
580 945 871 1025 animadvertere,
892 939 1024 1013 sentiet
1046 940 1205 1032 profecto

160 1061 366 1132 Cassandra·
384 1062 533 1132 oraculis
549 1084 622 1129 non
639 1059 798 1152 paullum
824 1057 1008 1151 gravitatis
1028 1057 1205 1138 accedere,

160 1176 255 1270 quod
276 1199 319 1246 ea
342 1177 475 1247 mitiori
492 1178 540 1249 sit
559 1176 688 1258 indole,
706 1196 822 1266 neque
840 1172 1070 1252 obliviscatur
1095 1171 1206 1241 teneri

161 1314 202 1363 ao
227 1291 385 1362 ioeminei
407 1291 565 1376 affectus,
583 1293 701 1363 furore
721 1285 831 1362 etiam
848 1287 1007 1358 Phoebeo
1027 1295 1206 1379 correpta;

161 1431 232 1501 quo
262 1428 362 1477 more
395 1407 510 1478 solent
539 1406 748 1500 plerumque
776 1405 870 1500 apud
899 1403 1029 1474 Poetas
1057 1402 1206 1473 fatidica

160 1523 337 1595 mulieres.

213 1637 337 1709 Liceat
360 1639 418 1709 bic
435 1640 556 1733 paucis
578 1661 767 1732 exponere,
784 1660 861 1729 quae
876 1635 1032 1706 maxime
1050 1636 1089 1704 in
1106 1655 1209 1705 causa

162 1777 239 1825 esse
265 1755 462 1839 videantur,
489 1778 553 1826 cur
580 1755 618 1825 in
643 1753 838 1825 Cassandra
864 1749 1051 1845 AEschylus
1077 1749 1209 1821 felicio·

162 1893 239 1940 rem
264 1870 420 1962 posuerit
446 1891 599 1963 operam,
617 1893 724 1962 quam
748 1868 875 1960 reliqui
900 1868 1012 1937 ferme
1029 1865 1153 1936 Poetae
1172 1864 1208 1933 in

163 1985 355 2078 auguribus
372 1986 454 2056 suis.
506 1985 551 2056 Id
575 1985 706 2078 triplici
731 1984 954 2076 potissimum
977 1983 1115 2052 ratione
1134 1980 1208 2049 fieri

163 2102 323 2171 arbitror.
374 2102 506 2184 Primo,
523 2101 618 2194 quod
636 2123 679 2171 ea
699 2122 815 2191 neque
832 2098 945 2191 pretio
963 2120 1080 2190 neque
1098 2097 1132 2166 vi
1149 2096 1209 2165 ob·

163 2216 286 2285 stricta
303 2216 524 2287 vaticinetur.
577 2214 708 2307 Neque
725 2215 771 2287 de
787 2215 979 2308 longinquo
997 2235 1076 2284 eam
1098 2235 1209 2283 arces

164 2342 247 2403 sunt
271 2332 445 2415 homines,
462 2331 561 2402 velut
584 2330 715 2400 Protea
735 2329 921 2421 quendam,
944 2335 1007 2397 aut
1024 2324 1208 2420 Sibyllam,

164 2469 245 2537 quae
270 2447 307 2514 in
333 2443 456 2515 alienis
481 2445 564 2514 edat
590 2443 751 2527 oracula3
781 2466 904 2512 verum
930 2442 1025 2511 ultro
1046 2443 1146 2511 venit
1173 2440 1208 2510 iu

164 2561 325 2630 ordinem
348 2561 397 2629 rei
425 2560 600 2652 gerendae,
618 2582 695 2651 quae
713 2567 750 2628 et
768 2559 935 2628 divinitus
960 2558 1081 2626 futura
1104 2578 1209 2625 nove·

164 2676 221 2757 rit,
248 2684 285 2744 et
311 2682 455 2767 propter
481 2697 519 2743 se
544 2697 695 2765 suosque
721 2682 875 2765 nequeat
906 2674 971 2743 sibi
1002 2680 1208 2765 temperare,

165 2791 250 2880 quin
275 2799 361 2859 nota
386 2789 566 2880 praedicet.
618 2788 758 2859 Deinde
774 2788 861 2858 nibil
880 2810 922 2856 ea
939 2809 1128 2857 commune
1150 2786 1209 2856 ha-

165 2904 227 2974 bet
257 2928 339 2975 cum
368 2903 519 2973 molesta
548 2903 610 2973 illa
642 2905 787 2988 natione
820 2903 1057 2994 haruspicum.
1125 2901 1208 2971 Nou

165 3019 257 3088 extis
274 3018 476 3099 hariolator,
490 3041 562 3088 uon
579 3019 721 3089 avibus:
747 3020 859 3089 aDiis
877 3019 997 3088 statim
1013 3018 1089 3108 ipsa
1106 3016 1210 3086 doce-

165 3140 234 3213 tur,
264 3157 341 3225 quae
371 3133 416 3204 ab
444 3157 486 3204 ea
515 3157 634 3204 rursus
664 3136 822 3205 ediscant
851 3135 1032 3215 homines;
1063 3142 1104 3202 ut
1135 3134 1208 3223 ejus

165 3249 292 3317 notitia
317 3248 464 3317 minimo
490 3249 677 3319 intervallo
703 3251 853 3341 separari
875 3249 1036 3318 videatur
1065 3247 1110 3317 ab
1136 3248 1210 3338 ipsa

165 3383 371 3452 superorum
406 3363 587 3454 sapientia.
640 3364 836 3445 Postremo,
860 3387 940 3455 quae
966 3363 1110 3454 quidem
1136 3384 1211 3430 om-

165 3476 264 3545 nium
283 3477 437 3546 maxime
455 3501 525 3547 una
542 3501 597 3548 res
619 3478 779 3570 percellit
797 3479 941 3561 animos,
958 3477 1087 3570 insigni
1105 3477 1211 3546 docu-

165 3600 286 3660 mento
310 3593 351 3661 fit
377 3591 582 3676 Cassandra,
608 3603 780 3686 quantum
810 3594 985 3684 accipiant
1010 3593 1076 3662 sibi
1105 3593 1211 3663 detri-

164 3715 327 3777 mentum
343 3709 403 3799 qui
420 3708 567 3777 scientia
583 3708 786 3800 praecellere
803 3708 981 3803 gestiunt3
998 3709 1108 3801 juxte
1124 3707 1211 3779 illud

166 3822 323 3915 AEschyli
341 3818 461 3906 nostri,

376 3983 564 4052 vtpettovt',

376 4071 431 4124 ἐπεὶ
443 4071 473 4124 οὗ
484 4069 577 4141 γενοίτ’
589 4069 620 4125 ἂν
630 4069 716 4136 λύσις,
732 4074 903 4144 προχαιρέτω·

378 4153 437 4212 ἶσον
449 4158 477 4211 δὲ
489 4161 525 4229 τῷ
537 4157 697 4228 προστένειν.

585 4356 593 4393 l
611 4358 702 4427 Apum.
718 4358 794 4429 1276.
