<?xml version="1.0" encoding="UTF-8"?>
<!DOCTYPE html PUBLIC "-//W3C//DTD XHTML 1.0 Transitional//EN"
    "http://www.w3.org/TR/xhtml1/DTD/xhtml1-transitional.dtd">
<html xmlns="http://www.w3.org/1999/xhtml" xml:lang="en" lang="en">
 <head>
  <title>
</title>
<meta http-equiv="Content-Type" content="text/html;charset=utf-8" />
  <meta name='ocr-system' content='tesseract 3.04.00' />
  <meta name='ocr-capabilities' content='ocr_page ocr_carea ocr_par ocr_line ocrx_word'/>
</head>
<body>
  <div class='ocr_page' id='page_1' title='image "./depoeticaevimed01keblgoog_0210.png"; bbox 0 0 2738 4866; ppageno 0'>
   <div class='ocr_carea' id='block_1_1' title="bbox 156 318 1201 408">
    <p class='ocr_par' dir='ltr' id='par_1_1' title="bbox 156 318 1201 408">
     <span class='ocr_line' id='line_1_1' title="bbox 156 318 1201 408; baseline 0.007 -29"><span class='ocrx_word' id='word_1_1' title='bbox 156 340 245 382; x_wconf 75' lang='lat' dir='ltr'>rann.</span> <span class='ocrx_word' id='word_1_2' title='bbox 257 341 328 382; x_wconf 87' lang='lat' dir='ltr'>xm.</span> <span class='ocrx_word' id='word_1_3' title='bbox 350 318 505 405; x_wconf 77' lang='grc' dir='ltr'>Εανοιμία</span> <span class='ocrx_word' id='word_1_4' title='bbox 518 330 630 406; x_wconf 76' lang='lat' dir='ltr'>eproloe</span> <span class='ocrx_word' id='word_1_5' title='bbox 643 321 731 405; x_wconf 73' lang='grc' dir='ltr'>αραιί</span> <span class='ocrx_word' id='word_1_6' title='bbox 736 342 844 406; x_wconf 80' lang='lat' dir='ltr'>procos</span> <span class='ocrx_word' id='word_1_7' title='bbox 857 319 1021 408; x_wconf 69' lang='lat' dir='ltr'>reliqioais.</span> <span class='ocrx_word' id='word_1_8' title='bbox 1137 325 1201 386; x_wconf 75' lang='lat'>215</span> 
     </span>
    </p>
   </div>
   <div class='ocr_carea' id='block_1_2' title="bbox 154 489 1211 1374">
    <p class='ocr_par' dir='ltr' id='par_1_2' title="bbox 154 489 1211 1374">
     <span class='ocr_line' id='line_1_2' title="bbox 156 489 1201 581; baseline 0.001 -22"><span class='ocrx_word' id='word_1_9' title='bbox 156 489 272 572; x_wconf 86' lang='lat' dir='ltr'>Quam</span> <span class='ocrx_word' id='word_1_10' title='bbox 303 489 433 560; x_wconf 88' lang='lat' dir='ltr'>vellem</span> <span class='ocrx_word' id='word_1_11' title='bbox 467 490 504 559; x_wconf 92' lang='lat' dir='ltr'>in</span> <span class='ocrx_word' id='word_1_12' title='bbox 535 492 614 561; x_wconf 89' lang='lat' dir='ltr'>isto·</span> <span class='ocrx_word' id='word_1_13' title='bbox 638 492 849 561; x_wconf 78' lang='lat' dir='ltr'><strong>mansissent</strong></span> <span class='ocrx_word' id='word_1_14' title='bbox 884 513 978 559; x_wconf 87' lang='lat' dir='ltr'>verae</span> <span class='ocrx_word' id='word_1_15' title='bbox 1012 491 1201 581; x_wconf 84' lang='lat' dir='ltr'>solidaeque</span> 
     </span>
     <span class='ocr_line' id='line_1_3' title="bbox 154 604 1202 698; baseline 0.002 -25"><span class='ocrx_word' id='word_1_16' title='bbox 154 606 298 696; x_wconf 86' lang='lat' dir='ltr'>pietatis</span> <span class='ocrx_word' id='word_1_17' title='bbox 318 605 475 698; x_wconf 86' lang='lat' dir='ltr'>judicio!</span> <span class='ocrx_word' id='word_1_18' title='bbox 515 605 588 675; x_wconf 87' lang='lat' dir='ltr'>Sed</span> <span class='ocrx_word' id='word_1_19' title='bbox 614 605 732 696; x_wconf 88' lang='lat' dir='ltr'>elapsa</span> <span class='ocrx_word' id='word_1_20' title='bbox 758 604 868 674; x_wconf 90' lang='lat' dir='ltr'>semel</span> <span class='ocrx_word' id='word_1_21' title='bbox 892 606 1089 688; x_wconf 85' lang='lat' dir='ltr'>formidine,</span> <span class='ocrx_word' id='word_1_22' title='bbox 1113 605 1202 676; x_wconf 92' lang='lat' dir='ltr'>nulli</span> 
     </span>
     <span class='ocr_line' id='line_1_4' title="bbox 158 721 1204 812; baseline 0.001 -24"><span class='ocrx_word' id='word_1_23' title='bbox 158 721 270 790; x_wconf 85' lang='lat' dir='ltr'>ferme</span> <span class='ocrx_word' id='word_1_24' title='bbox 294 743 410 812; x_wconf 89' lang='lat' dir='ltr'>neque</span> <span class='ocrx_word' id='word_1_25' title='bbox 429 722 615 791; x_wconf 85' lang='lat' dir='ltr'>verborum</span> <span class='ocrx_word' id='word_1_26' title='bbox 641 743 756 811; x_wconf 86' lang='lat' dir='ltr'>neque</span> <span class='ocrx_word' id='word_1_27' title='bbox 781 721 870 790; x_wconf 88' lang='lat' dir='ltr'>adeo</span> <span class='ocrx_word' id='word_1_28' title='bbox 895 721 1098 789; x_wconf 85' lang='lat' dir='ltr'>dextrarum</span> <span class='ocrx_word' id='word_1_29' title='bbox 1122 744 1204 790; x_wconf 88' lang='lat' dir='ltr'>con-</span> 
     </span>
     <span class='ocr_line' id='line_1_5' title="bbox 155 834 1204 928; baseline 0 -24"><span class='ocrx_word' id='word_1_30' title='bbox 155 835 315 906; x_wconf 88' lang='lat' dir='ltr'>tumeliae</span> <span class='ocrx_word' id='word_1_31' title='bbox 344 844 505 928; x_wconf 84' lang='lat' dir='ltr'>parcunt.</span> <span class='ocrx_word' id='word_1_32' title='bbox 563 835 697 906; x_wconf 83' lang='lat' dir='ltr'>Contra</span> <span class='ocrx_word' id='word_1_33' title='bbox 726 836 819 926; x_wconf 87' lang='lat' dir='ltr'>apud</span> <span class='ocrx_word' id='word_1_34' title='bbox 846 834 1035 905; x_wconf 86' lang='lat' dir='ltr'>Eumaeum</span> <span class='ocrx_word' id='word_1_35' title='bbox 1061 843 1098 909; x_wconf 84' lang='lat' dir='ltr'>et</span> <span class='ocrx_word' id='word_1_36' title='bbox 1124 836 1204 904; x_wconf 88' lang='lat' dir='ltr'>reli-</span> 
     </span>
     <span class='ocr_line' id='line_1_6' title="bbox 154 950 1201 1043; baseline -0.001 -23"><span class='ocrx_word' id='word_1_37' title='bbox 154 974 251 1042; x_wconf 89' lang='lat' dir='ltr'>quos,</span> <span class='ocrx_word' id='word_1_38' title='bbox 288 953 347 1043; x_wconf 92' lang='lat' dir='ltr'>qui</span> <span class='ocrx_word' id='word_1_39' title='bbox 382 953 474 1043; x_wconf 83' lang='lat' dir='ltr'>regis</span> <span class='ocrx_word' id='word_1_40' title='bbox 508 952 561 1021; x_wconf 85' lang='lat' dir='ltr'>sui</span> <span class='ocrx_word' id='word_1_41' title='bbox 595 952 753 1042; x_wconf 90' lang='lat' dir='ltr'>partibus</span> <span class='ocrx_word' id='word_1_42' title='bbox 787 974 825 1020; x_wconf 85' lang='lat' dir='ltr'>se</span> <span class='ocrx_word' id='word_1_43' title='bbox 859 951 1079 1032; x_wconf 81' lang='lat' dir='ltr'>addixerant,</span> <span class='ocrx_word' id='word_1_44' title='bbox 1113 950 1201 1019; x_wconf 87' lang='lat' dir='ltr'>nihil</span> 
     </span>
     <span class='ocr_line' id='line_1_7' title="bbox 154 1059 1211 1154; baseline 0.002 -22"><span class='ocrx_word' id='word_1_45' title='bbox 154 1064 296 1154; x_wconf 87' lang='lat' dir='ltr'>hospite</span> <span class='ocrx_word' id='word_1_46' title='bbox 314 1059 473 1153; x_wconf 85' lang='lat' dir='ltr'>quamvis</span> <span class='ocrx_word' id='word_1_47' title='bbox 489 1085 644 1154; x_wconf 87' lang='lat' dir='ltr'>paupere</span> <span class='ocrx_word' id='word_1_48' title='bbox 663 1063 907 1146; x_wconf 82' lang='lat' dir='ltr'>venerabilius,</span> <span class='ocrx_word' id='word_1_49' title='bbox 926 1064 1015 1133; x_wconf 90' lang='lat' dir='ltr'>nihil</span> <span class='ocrx_word' id='word_1_50' title='bbox 1036 1067 1211 1135; x_wconf 69' lang='lat' dir='ltr'>sanctius</span> 
     </span>
     <span class='ocr_line' id='line_1_8' title="bbox 156 1176 1204 1272; baseline 0.002 -26"><span class='ocrx_word' id='word_1_51' title='bbox 156 1176 273 1247; x_wconf 78' lang='lat' dir='ltr'>Scires</span> <span class='ocrx_word' id='word_1_52' title='bbox 290 1176 420 1246; x_wconf 87' lang='lat' dir='ltr'>habere</span> <span class='ocrx_word' id='word_1_53' title='bbox 442 1200 516 1268; x_wconf 87' lang='lat' dir='ltr'>prae</span> <span class='ocrx_word' id='word_1_54' title='bbox 534 1178 645 1247; x_wconf 85' lang='lat' dir='ltr'>oeulis</span> <span class='ocrx_word' id='word_1_55' title='bbox 662 1179 760 1246; x_wconf 91' lang='lat' dir='ltr'>omni</span> <span class='ocrx_word' id='word_1_56' title='bbox 777 1188 938 1270; x_wconf 86' lang='lat' dir='ltr'>tempore</span> <span class='ocrx_word' id='word_1_57' title='bbox 960 1181 1204 1272; x_wconf 85' lang='lat' dir='ltr'>gravissimum</span> 
     </span>
     <span class='ocr_line' id='line_1_9' title="bbox 155 1291 291 1374; baseline 0.015 -16"><span class='ocrx_word' id='word_1_58' title='bbox 155 1291 291 1374; x_wconf 83' lang='lat' dir='ltr'>illud¹¹3</span> 
     </span>
    </p>
   </div>
   <div class='ocr_carea' id='block_1_3' title="bbox 298 1403 911 1567">
    <p class='ocr_par' dir='ltr' id='par_1_3' title="bbox 298 1403 911 1567">
     <span class='ocr_line' id='line_1_10' title="bbox 300 1403 911 1482; baseline 0 -24"><span class='ocrx_word' id='word_1_59' title='bbox 300 1443 499 1460; x_wconf 86' lang='grc'><strong>............</strong></span> <span class='ocrx_word' id='word_1_60' title='bbox 507 1405 574 1474; x_wconf 83' lang='grc' dir='ltr'>πρὸς</span> <span class='ocrx_word' id='word_1_61' title='bbox 585 1405 636 1482; x_wconf 74' lang='grc' dir='ltr'>γὰρ</span> <span class='ocrx_word' id='word_1_62' title='bbox 649 1407 711 1462; x_wconf 75' lang='grc' dir='ltr'>Διός</span> <span class='ocrx_word' id='word_1_63' title='bbox 722 1404 789 1458; x_wconf 81' lang='grc' dir='ltr'>εἶσιν</span> <span class='ocrx_word' id='word_1_64' title='bbox 800 1403 911 1461; x_wconf 78' lang='grc' dir='ltr'>ἁπάντεε</span> 
     </span>
     <span class='ocr_line' id='line_1_11' title="bbox 298 1490 577 1567; baseline -0.004 -23"><span class='ocrx_word' id='word_1_65' title='bbox 298 1490 377 1558; x_wconf 86' lang='grc' dir='ltr'>ξείνοι</span> <span class='ocrx_word' id='word_1_66' title='bbox 388 1513 417 1544; x_wconf 88' lang='grc' dir='ltr'>τε</span> <span class='ocrx_word' id='word_1_67' title='bbox 428 1493 528 1567; x_wconf 81' lang='grc' dir='ltr'>πτώχοι</span> <span class='ocrx_word' id='word_1_68' title='bbox 540 1513 577 1545; x_wconf 86' lang='grc' dir='ltr'>τε.</span> 
     </span>
    </p>
   </div>
   <div class='ocr_carea' id='block_1_4' title="bbox 156 1610 1208 2394">
    <p class='ocr_par' dir='ltr' id='par_1_4' title="bbox 156 1610 1208 2394">
     <span class='ocr_line' id='line_1_12' title="bbox 210 1610 1205 1693; baseline -0.001 -10"><span class='ocrx_word' id='word_1_69' title='bbox 210 1612 329 1683; x_wconf 90' lang='lat' dir='ltr'>Venio</span> <span class='ocrx_word' id='word_1_70' title='bbox 364 1635 458 1682; x_wconf 86' lang='lat' dir='ltr'>nuno</span> <span class='ocrx_word' id='word_1_71' title='bbox 493 1614 536 1682; x_wconf 87' lang='lat' dir='ltr'>ad</span> <span class='ocrx_word' id='word_1_72' title='bbox 568 1611 674 1682; x_wconf 86' lang='lat' dir='ltr'>aliam</span> <span class='ocrx_word' id='word_1_73' title='bbox 702 1620 836 1693; x_wconf 83' lang='lat' dir='ltr'>notam,</span> <span class='ocrx_word' id='word_1_74' title='bbox 863 1633 934 1679; x_wconf 92' lang='lat' dir='ltr'>non</span> <span class='ocrx_word' id='word_1_75' title='bbox 962 1611 1077 1681; x_wconf 82' lang='lat' dir='ltr'>levem</span> <span class='ocrx_word' id='word_1_76' title='bbox 1107 1610 1205 1684; x_wconf 86' lang='lat' dir='ltr'>illam</span> 
     </span>
     <span class='ocr_line' id='line_1_13' title="bbox 159 1724 1205 1820; baseline -0.005 -23"><span class='ocrx_word' id='word_1_77' title='bbox 159 1728 314 1820; x_wconf 88' lang='lat' dir='ltr'>quidem,</span> <span class='ocrx_word' id='word_1_78' title='bbox 348 1729 531 1819; x_wconf 87' lang='lat' dir='ltr'>prudentis</span> <span class='ocrx_word' id='word_1_79' title='bbox 566 1751 606 1803; x_wconf 85' lang='lat' dir='ltr'>ac</span> <span class='ocrx_word' id='word_1_80' title='bbox 641 1726 794 1819; x_wconf 86' lang='lat' dir='ltr'>religiosi</span> <span class='ocrx_word' id='word_1_81' title='bbox 829 1724 948 1808; x_wconf 88' lang='lat' dir='ltr'>animi,</span> <span class='ocrx_word' id='word_1_82' title='bbox 978 1733 1019 1793; x_wconf 85' lang='lat' dir='ltr'>ut</span> <span class='ocrx_word' id='word_1_83' title='bbox 1052 1734 1128 1794; x_wconf 88' lang='lat' dir='ltr'>erat</span> <span class='ocrx_word' id='word_1_84' title='bbox 1163 1748 1205 1793; x_wconf 92' lang='lat' dir='ltr'>eo</span> 
     </span>
     <span class='ocr_line' id='line_1_14' title="bbox 158 1839 1207 1935; baseline -0.002 -25"><span class='ocrx_word' id='word_1_85' title='bbox 158 1851 320 1934; x_wconf 82' lang='lat' dir='ltr'>tempore</span> <span class='ocrx_word' id='word_1_86' title='bbox 354 1842 490 1935; x_wconf 85' lang='lat' dir='ltr'>religio.</span> <span class='ocrx_word' id='word_1_87' title='bbox 559 1840 732 1910; x_wconf 87' lang='lat' dir='ltr'>Divorum</span> <span class='ocrx_word' id='word_1_88' title='bbox 775 1841 921 1932; x_wconf 86' lang='lat' dir='ltr'>auguria</span> <span class='ocrx_word' id='word_1_89' title='bbox 963 1847 1000 1907; x_wconf 88' lang='lat' dir='ltr'>et</span> <span class='ocrx_word' id='word_1_90' title='bbox 1043 1839 1207 1930; x_wconf 87' lang='lat' dir='ltr'>auspicia,</span> 
     </span>
     <span class='ocr_line' id='line_1_15' title="bbox 158 1954 1208 2050; baseline -0.005 -23"><span class='ocrx_word' id='word_1_91' title='bbox 158 1957 276 2050; x_wconf 87' lang='lat' dir='ltr'>qualia</span> <span class='ocrx_word' id='word_1_92' title='bbox 293 1981 365 2026; x_wconf 91' lang='lat' dir='ltr'>non</span> <span class='ocrx_word' id='word_1_93' title='bbox 381 1980 494 2048; x_wconf 86' lang='lat' dir='ltr'>pauca</span> <span class='ocrx_word' id='word_1_94' title='bbox 519 1956 627 2025; x_wconf 88' lang='lat' dir='ltr'>habet</span> <span class='ocrx_word' id='word_1_95' title='bbox 651 1954 830 2049; x_wconf 84' lang='lat' dir='ltr'>Odysseiae</span> <span class='ocrx_word' id='word_1_96' title='bbox 857 1962 990 2035; x_wconf 85' lang='lat' dir='ltr'>auctor,</span> <span class='ocrx_word' id='word_1_97' title='bbox 1009 1955 1208 2023; x_wconf 77' lang='lat' dir='ltr'>contemnit</span> 
     </span>
     <span class='ocr_line' id='line_1_16' title="bbox 156 2069 1207 2164; baseline -0.006 -22"><span class='ocrx_word' id='word_1_98' title='bbox 156 2096 343 2164; x_wconf 86' lang='lat' dir='ltr'>procorum</span> <span class='ocrx_word' id='word_1_99' title='bbox 362 2082 485 2156; x_wconf 86' lang='lat' dir='ltr'>ooetus,</span> <span class='ocrx_word' id='word_1_100' title='bbox 504 2082 715 2141; x_wconf 88' lang='lat' dir='ltr'>venerantur</span> <span class='ocrx_word' id='word_1_101' title='bbox 730 2069 880 2163; x_wconf 87' lang='lat' dir='ltr'>Ulyssei.</span> <span class='ocrx_word' id='word_1_102' title='bbox 918 2069 999 2139; x_wconf 95' lang='lat' dir='ltr'>Duo</span> <span class='ocrx_word' id='word_1_103' title='bbox 1012 2070 1207 2160; x_wconf 78' lang='lat' dir='ltr'>prasertim</span> 
     </span>
     <span class='ocr_line' id='line_1_17' title="bbox 157 2185 1206 2278; baseline -0.004 -21"><span class='ocrx_word' id='word_1_104' title='bbox 157 2187 236 2258; x_wconf 87' lang='lat' dir='ltr'>loca</span> <span class='ocrx_word' id='word_1_105' title='bbox 267 2197 349 2257; x_wconf 89' lang='lat' dir='ltr'>sunt</span> <span class='ocrx_word' id='word_1_106' title='bbox 379 2211 456 2278; x_wconf 89' lang='lat' dir='ltr'>quae</span> <span class='ocrx_word' id='word_1_107' title='bbox 484 2187 567 2256; x_wconf 90' lang='lat' dir='ltr'>huie</span> <span class='ocrx_word' id='word_1_108' title='bbox 598 2187 705 2278; x_wconf 87' lang='lat' dir='ltr'>capiti</span> <span class='ocrx_word' id='word_1_109' title='bbox 739 2185 961 2277; x_wconf 87' lang='lat' dir='ltr'>potissimum</span> <span class='ocrx_word' id='word_1_110' title='bbox 995 2185 1206 2254; x_wconf 89' lang='lat' dir='ltr'>inserviant:</span> 
     </span>
     <span class='ocr_line' id='line_1_18' title="bbox 158 2291 1207 2394; baseline -0.004 -22"><span class='ocrx_word' id='word_1_111' title='bbox 158 2325 270 2394; x_wconf 88' lang='lat' dir='ltr'>eaque</span> <span class='ocrx_word' id='word_1_112' title='bbox 300 2324 371 2371; x_wconf 92' lang='lat' dir='ltr'>non</span> <span class='ocrx_word' id='word_1_113' title='bbox 403 2301 569 2394; x_wconf 88' lang='lat' dir='ltr'>praeclara</span> <span class='ocrx_word' id='word_1_114' title='bbox 594 2302 707 2393; x_wconf 81' lang='lat' dir='ltr'>magis</span> <span class='ocrx_word' id='word_1_115' title='bbox 738 2300 784 2369; x_wconf 95' lang='lat' dir='ltr'>ob</span> <span class='ocrx_word' id='word_1_116' title='bbox 813 2292 886 2369; x_wconf 81' lang='lat' dir='ltr'>vim¹</span> <span class='ocrx_word' id='word_1_117' title='bbox 917 2308 954 2370; x_wconf 90' lang='lat' dir='ltr'>et</span> <span class='ocrx_word' id='word_1_118' title='bbox 985 2291 1207 2373; x_wconf 45' lang='lat' dir='ltr'>‘venustatem</span> 
     </span>
    </p>
   </div>
   <div class='ocr_carea' id='block_1_5' title="bbox 157 2414 1211 2854">
    <p class='ocr_par' dir='ltr' id='par_1_5' title="bbox 157 2414 1211 2854">
     <span class='ocr_line' id='line_1_19' title="bbox 157 2414 1207 2509; baseline -0.006 -21"><span class='ocrx_word' id='word_1_119' title='bbox 157 2419 343 2509; x_wconf 78' lang='lat' dir='ltr'>poeticam,</span> <span class='ocrx_word' id='word_1_120' title='bbox 379 2439 484 2507; x_wconf 90' lang='lat' dir='ltr'>quam</span> <span class='ocrx_word' id='word_1_121' title='bbox 518 2425 602 2508; x_wconf 85' lang='lat' dir='ltr'>apta</span> <span class='ocrx_word' id='word_1_122' title='bbox 636 2424 673 2484; x_wconf 87' lang='lat' dir='ltr'>et</span> <span class='ocrx_word' id='word_1_123' title='bbox 708 2417 838 2485; x_wconf 89' lang='lat' dir='ltr'>diserta</span> <span class='ocrx_word' id='word_1_124' title='bbox 877 2417 922 2484; x_wconf 85' lang='lat' dir='ltr'>ad</span> <span class='ocrx_word' id='word_1_125' title='bbox 961 2414 1207 2484; x_wconf 82' lang='lat' dir='ltr'>declarandam</span> 
     </span>
     <span class='ocr_line' id='line_1_20' title="bbox 161 2529 1209 2623; baseline -0.005 -21"><span class='ocrx_word' id='word_1_126' title='bbox 161 2532 311 2602; x_wconf 88' lang='lat' dir='ltr'>Homeri</span> <span class='ocrx_word' id='word_1_127' title='bbox 338 2533 562 2602; x_wconf 89' lang='lat' dir='ltr'>sententiam.</span> <span class='ocrx_word' id='word_1_128' title='bbox 614 2530 734 2599; x_wconf 90' lang='lat' dir='ltr'>Primo</span> <span class='ocrx_word' id='word_1_129' title='bbox 766 2553 936 2623; x_wconf 84' lang='lat' dir='ltr'>augurem</span> <span class='ocrx_word' id='word_1_130' title='bbox 962 2530 1138 2622; x_wconf 92' lang='lat' dir='ltr'>quendam</span> <span class='ocrx_word' id='word_1_131' title='bbox 1164 2529 1209 2597; x_wconf 87' lang='lat' dir='ltr'>de</span> 
     </span>
     <span class='ocr_line' id='line_1_21' title="bbox 161 2642 1211 2740; baseline -0.003 -26"><span class='ocrx_word' id='word_1_132' title='bbox 161 2648 280 2718; x_wconf 89' lang='lat' dir='ltr'>reditu</span> <span class='ocrx_word' id='word_1_133' title='bbox 305 2647 396 2740; x_wconf 85' lang='lat' dir='ltr'>regis</span> <span class='ocrx_word' id='word_1_134' title='bbox 421 2647 674 2716; x_wconf 85' lang='lat' dir='ltr'>vaticinantem</span> <span class='ocrx_word' id='word_1_135' title='bbox 699 2645 796 2714; x_wconf 84' lang='lat' dir='ltr'>hisoe</span> <span class='ocrx_word' id='word_1_136' title='bbox 819 2645 934 2720; x_wconf 87' lang='lat' dir='ltr'>verbis</span> <span class='ocrx_word' id='word_1_137' title='bbox 956 2645 1114 2737; x_wconf 83' lang='lat' dir='ltr'>increpat</span> <span class='ocrx_word' id='word_1_138' title='bbox 1139 2642 1211 2719; x_wconf 89' lang='lat' dir='ltr'>Eu-</span> 
     </span>
     <span class='ocr_line' id='line_1_22' title="bbox 161 2761 390 2854; baseline 0 -24"><span class='ocrx_word' id='word_1_139' title='bbox 161 2761 390 2854; x_wconf 86' lang='lat' dir='ltr'>rymaohus⁰:</span> 
     </span>
    </p>
   </div>
   <div class='ocr_carea' id='block_1_6' title="bbox 296 2877 1047 3639">
    <p class='ocr_par' dir='ltr' id='par_1_6' title="bbox 296 2877 998 3208">
     <span class='ocr_line' id='line_1_23' title="bbox 296 2877 998 2952; baseline 0 -20"><span class='ocrx_word' id='word_1_140' title='bbox 296 2877 331 2933; x_wconf 85' lang='grc' dir='ltr'>Ὠ</span> <span class='ocrx_word' id='word_1_141' title='bbox 343 2880 429 2951; x_wconf 81' lang='grc' dir='ltr'>γέρον,</span> <span class='ocrx_word' id='word_1_142' title='bbox 442 2880 465 2933; x_wconf 87' lang='grc' dir='ltr'>εί</span> <span class='ocrx_word' id='word_1_143' title='bbox 476 2879 509 2943; x_wconf 76' lang='grc' dir='ltr'>δ’,</span> <span class='ocrx_word' id='word_1_144' title='bbox 522 2880 569 2952; x_wconf 79' lang='grc' dir='ltr'>ὅγε</span> <span class='ocrx_word' id='word_1_145' title='bbox 581 2885 634 2944; x_wconf 85' lang='grc' dir='ltr'>νῦν,</span> <span class='ocrx_word' id='word_1_146' title='bbox 646 2879 769 2950; x_wconf 81' lang='grc' dir='ltr'>μαντεύεο</span> <span class='ocrx_word' id='word_1_147' title='bbox 782 2882 857 2934; x_wconf 85' lang='grc' dir='ltr'>σοῖσι</span> <span class='ocrx_word' id='word_1_148' title='bbox 869 2879 998 2943; x_wconf 77' lang='grc' dir='ltr'>τέκεσσιν,</span> 
     </span>
     <span class='ocr_line' id='line_1_24' title="bbox 300 2964 963 3037; baseline 0 -18"><span class='ocrx_word' id='word_1_149' title='bbox 300 2964 379 3020; x_wconf 78' lang='grc' dir='ltr'>οἴκαδ’</span> <span class='ocrx_word' id='word_1_150' title='bbox 394 2967 449 3030; x_wconf 74' lang='lat' dir='ltr'>lov,</span> <span class='ocrx_word' id='word_1_151' title='bbox 461 2965 496 3035; x_wconf 70' lang='grc' dir='ltr'>μί)</span> <span class='ocrx_word' id='word_1_152' title='bbox 508 2965 559 3020; x_wconf 80' lang='grc' dir='ltr'>ποθ</span> <span class='ocrx_word' id='word_1_153' title='bbox 570 2990 596 3021; x_wconf 88' lang='grc' dir='ltr'>τι</span> <span class='ocrx_word' id='word_1_154' title='bbox 608 2969 685 3020; x_wconf 86' lang='grc' dir='ltr'>κακὸν</span> <span class='ocrx_word' id='word_1_155' title='bbox 695 2968 836 3037; x_wconf 85' lang='grc' dir='ltr'>πάσχωσιν</span> <span class='ocrx_word' id='word_1_156' title='bbox 849 2966 963 3021; x_wconf 84' lang='grc' dir='ltr'>ὀπίσσω·</span> 
     </span>
     <span class='ocr_line' id='line_1_25' title="bbox 302 3052 965 3123; baseline 0 -17"><span class='ocrx_word' id='word_1_157' title='bbox 302 3056 382 3106; x_wconf 86' lang='grc' dir='ltr'>ταῦτα</span> <span class='ocrx_word' id='word_1_158' title='bbox 395 3052 416 3106; x_wconf 77' lang='grc' dir='ltr'>δ’</span> <span class='ocrx_word' id='word_1_159' title='bbox 430 3053 481 3123; x_wconf 77' lang='grc' dir='ltr'>ἐγὼ</span> <span class='ocrx_word' id='word_1_160' title='bbox 494 3052 541 3107; x_wconf 91' lang='grc' dir='ltr'>σέο</span> <span class='ocrx_word' id='word_1_161' title='bbox 553 3054 656 3107; x_wconf 81' lang='grc' dir='ltr'>πολλὸν</span> <span class='ocrx_word' id='word_1_162' title='bbox 667 3052 775 3121; x_wconf 82' lang='grc' dir='ltr'>ἀμείνων</span> <span class='ocrx_word' id='word_1_163' title='bbox 786 3052 965 3123; x_wconf 83' lang='grc' dir='ltr'>μαντεύεσθαι·</span> 
     </span>
     <span class='ocr_line' id='line_1_26' title="bbox 303 3136 850 3208; baseline 0.002 -19"><span class='ocrx_word' id='word_1_164' title='bbox 303 3136 402 3207; x_wconf 73' lang='grc' dir='ltr'>ὄρνιθες</span> <span class='ocrx_word' id='word_1_165' title='bbox 414 3137 444 3191; x_wconf 82' lang='grc' dir='ltr'>δέ</span> <span class='ocrx_word' id='word_1_166' title='bbox 455 3160 483 3192; x_wconf 84' lang='grc' dir='ltr'>τε</span> <span class='ocrx_word' id='word_1_167' title='bbox 495 3139 592 3192; x_wconf 82' lang='grc' dir='ltr'>πολλοὶ</span> <span class='ocrx_word' id='word_1_168' title='bbox 604 3138 646 3192; x_wconf 81' lang='grc' dir='ltr'>ὑπ’</span> <span class='ocrx_word' id='word_1_169' title='bbox 660 3136 850 3208; x_wconf 66' lang='lat' dir='ltr'>asyncletum</span> 
     </span>
    </p>

    <p class='ocr_par' dir='ltr' id='par_1_7' title="bbox 301 3222 1047 3467">
     <span class='ocr_line' id='line_1_27' title="bbox 301 3222 1047 3294; baseline 0.005 -18"><span class='ocrx_word' id='word_1_170' title='bbox 301 3222 423 3292; x_wconf 78' lang='grc' dir='ltr'>φοιτῶσ’,</span> <span class='ocrx_word' id='word_1_171' title='bbox 435 3223 497 3277; x_wconf 80' lang='grc' dir='ltr'>οὐδέ</span> <span class='ocrx_word' id='word_1_172' title='bbox 507 3246 536 3278; x_wconf 86' lang='grc' dir='ltr'>τε</span> <span class='ocrx_word' id='word_1_173' title='bbox 547 3225 641 3279; x_wconf 77' lang='grc' dir='ltr'>πάντες</span> <span class='ocrx_word' id='word_1_174' title='bbox 653 3224 790 3292; x_wconf 79' lang='grc' dir='ltr'>ε’ναίσιμοι·</span> <span class='ocrx_word' id='word_1_175' title='bbox 810 3224 891 3294; x_wconf 75' lang='grc' dir='ltr'>αὐτὰρ</span> <span class='ocrx_word' id='word_1_176' title='bbox 902 3223 1047 3285; x_wconf 72' lang='grc' dir='ltr'>Ὀδυσσεὺς</span> 
     </span>
     <span class='ocr_line' id='line_1_28' title="bbox 303 3307 965 3383; baseline 0.005 -22"><span class='ocrx_word' id='word_1_177' title='bbox 303 3307 384 3362; x_wconf 76' lang='grc' dir='ltr'>ὤλετο</span> <span class='ocrx_word' id='word_1_178' title='bbox 395 3307 461 3376; x_wconf 84' lang='grc' dir='ltr'>τῆλ’·</span> <span class='ocrx_word' id='word_1_179' title='bbox 481 3309 515 3364; x_wconf 76' lang='grc' dir='ltr'>ὣς</span> <span class='ocrx_word' id='word_1_180' title='bbox 527 3311 568 3362; x_wconf 78' lang='grc' dir='ltr'>καί</span> <span class='ocrx_word' id='word_1_181' title='bbox 581 3310 616 3364; x_wconf 81' lang='grc' dir='ltr'>σὺ</span> <span class='ocrx_word' id='word_1_182' title='bbox 628 3309 805 3380; x_wconf 83' lang='grc' dir='ltr'>καταφθίσθαι</span> <span class='ocrx_word' id='word_1_183' title='bbox 818 3310 868 3364; x_wconf 81' lang='grc' dir='ltr'>σὺν</span> <span class='ocrx_word' id='word_1_184' title='bbox 879 3310 965 3383; x_wconf 74' lang='grc' dir='ltr'>ε’κείνῳ</span> 
     </span>
     <span class='ocr_line' id='line_1_29' title="bbox 303 3392 941 3467; baseline 0.008 -20"><span class='ocrx_word' id='word_1_185' title='bbox 303 3392 413 3464; x_wconf 72' lang='grc' dir='ltr'>ὤφελες·</span> <span class='ocrx_word' id='word_1_186' title='bbox 433 3395 479 3447; x_wconf 87' lang='grc' dir='ltr'>αιἰκ</span> <span class='ocrx_word' id='word_1_187' title='bbox 490 3395 522 3448; x_wconf 80' lang='grc' dir='ltr'>ἂν</span> <span class='ocrx_word' id='word_1_188' title='bbox 533 3398 621 3449; x_wconf 86' lang='grc' dir='ltr'>τόσσα</span> <span class='ocrx_word' id='word_1_189' title='bbox 634 3395 798 3464; x_wconf 80' lang='grc' dir='ltr'>θεοπροπέων</span> <span class='ocrx_word' id='word_1_190' title='bbox 809 3396 941 3467; x_wconf 74' lang='grc' dir='ltr'>ἀγόρευεν,</span> 
     </span>
    </p>

    <p class='ocr_par' dir='ltr' id='par_1_8' title="bbox 305 3479 931 3554">
     <span class='ocr_line' id='line_1_30' title="bbox 305 3479 931 3554; baseline 0.008 -22"><span class='ocrx_word' id='word_1_191' title='bbox 305 3479 367 3533; x_wconf 81' lang='grc' dir='ltr'>οὐδέ</span> <span class='ocrx_word' id='word_1_192' title='bbox 377 3501 405 3533; x_wconf 90' lang='grc' dir='ltr'>κε</span> <span class='ocrx_word' id='word_1_193' title='bbox 417 3481 570 3554; x_wconf 73' lang='grc' dir='ltr'>Τηλέμαχον</span> <span class='ocrx_word' id='word_1_194' title='bbox 582 3482 760 3550; x_wconf 84' lang='grc' dir='ltr'>κεχολωμένον</span> <span class='ocrx_word' id='word_1_195' title='bbox 774 3481 816 3535; x_wconf 76' lang='grc' dir='ltr'>ὧδ’</span> <span class='ocrx_word' id='word_1_196' title='bbox 830 3482 931 3551; x_wconf 76' lang='grc' dir='ltr'>ἀνιείης,</span> 
     </span>
    </p>

    <p class='ocr_par' dir='ltr' id='par_1_9' title="bbox 304 3564 929 3639">
     <span class='ocr_line' id='line_1_31' title="bbox 304 3564 929 3639; baseline 0.003 -20"><span class='ocrx_word' id='word_1_197' title='bbox 304 3569 344 3639; x_wconf 76' lang='grc' dir='ltr'>σῷ</span> <span class='ocrx_word' id='word_1_198' title='bbox 357 3564 418 3639; x_wconf 75' lang='grc' dir='ltr'>οίκερ</span> <span class='ocrx_word' id='word_1_199' title='bbox 430 3567 513 3635; x_wconf 81' lang='grc' dir='ltr'>δῶρον</span> <span class='ocrx_word' id='word_1_200' title='bbox 524 3566 717 3638; x_wconf 78' lang='grc' dir='ltr'>ποτιδέγμενος,</span> <span class='ocrx_word' id='word_1_201' title='bbox 730 3565 759 3628; x_wconf 76' lang='grc' dir='ltr'>οἵ</span> <span class='ocrx_word' id='word_1_202' title='bbox 769 3589 797 3620; x_wconf 90' lang='grc' dir='ltr'>κε</span> <span class='ocrx_word' id='word_1_203' title='bbox 808 3570 929 3637; x_wconf 83' lang='grc' dir='ltr'>πόρῃσιν.</span> 
     </span>
    </p>
   </div>
   <div class='ocr_carea' id='block_1_7' title="bbox 159 3684 1214 3987">
    <p class='ocr_par' dir='ltr' id='par_1_10' title="bbox 159 3684 1214 3987">
     <span class='ocr_line' id='line_1_32' title="bbox 161 3684 1212 3781; baseline 0.005 -28"><span class='ocrx_word' id='word_1_204' title='bbox 161 3684 259 3754; x_wconf 93' lang='lat' dir='ltr'>Nolo</span> <span class='ocrx_word' id='word_1_205' title='bbox 277 3685 365 3756; x_wconf 95' lang='lat' dir='ltr'>illud</span> <span class='ocrx_word' id='word_1_206' title='bbox 386 3710 447 3761; x_wconf 82' lang='lat' dir='ltr'>vos</span> <span class='ocrx_word' id='word_1_207' title='bbox 465 3687 621 3781; x_wconf 83' lang='lat' dir='ltr'>effugiat,</span> <span class='ocrx_word' id='word_1_208' title='bbox 637 3690 731 3779; x_wconf 93' lang='lat' dir='ltr'>quod</span> <span class='ocrx_word' id='word_1_209' title='bbox 748 3690 778 3766; x_wconf 89' lang='lat' dir='ltr'>is</span> <span class='ocrx_word' id='word_1_210' title='bbox 795 3692 918 3759; x_wconf 91' lang='lat' dir='ltr'>eadem</span> <span class='ocrx_word' id='word_1_211' title='bbox 937 3689 1048 3758; x_wconf 87' lang='lat' dir='ltr'>ferme</span> <span class='ocrx_word' id='word_1_212' title='bbox 1066 3690 1212 3770; x_wconf 85' lang='lat' dir='ltr'>ratione,</span> 
     </span>
     <span class='ocr_line' id='line_1_33' title="bbox 159 3801 1214 3898; baseline 0.003 -29"><span class='ocrx_word' id='word_1_213' title='bbox 159 3808 268 3892; x_wconf 87' lang='lat' dir='ltr'>atque</span> <span class='ocrx_word' id='word_1_214' title='bbox 292 3801 343 3869; x_wconf 91' lang='lat' dir='ltr'>illi</span> <span class='ocrx_word' id='word_1_215' title='bbox 365 3803 426 3898; x_wconf 91' lang='lat' dir='ltr'>qui</span> <span class='ocrx_word' id='word_1_216' title='bbox 448 3826 543 3872; x_wconf 88' lang='lat' dir='ltr'>nunc</span> <span class='ocrx_word' id='word_1_217' title='bbox 570 3824 607 3871; x_wconf 86' lang='lat' dir='ltr'>se</span> <span class='ocrx_word' id='word_1_218' title='bbox 632 3802 859 3895; x_wconf 91' lang='lat' dir='ltr'>philosophos</span> <span class='ocrx_word' id='word_1_219' title='bbox 878 3807 1057 3895; x_wconf 78' lang='lat' dir='ltr'>Jactitant,</span> <span class='ocrx_word' id='word_1_220' title='bbox 1075 3804 1214 3880; x_wconf 82' lang='lat' dir='ltr'>caeleste</span> 
     </span>
     <span class='ocr_line' id='line_1_34' title="bbox 160 3915 812 3987; baseline 0.006 -5"><span class='ocrx_word' id='word_1_221' title='bbox 160 3937 295 3984; x_wconf 89' lang='lat' dir='ltr'>numen</span> <span class='ocrx_word' id='word_1_222' title='bbox 312 3915 357 3984; x_wconf 92' lang='lat' dir='ltr'>de</span> <span class='ocrx_word' id='word_1_223' title='bbox 374 3917 479 3986; x_wconf 87' lang='lat' dir='ltr'>rebus</span> <span class='ocrx_word' id='word_1_224' title='bbox 496 3916 659 3986; x_wconf 88' lang='lat' dir='ltr'>humanis</span> <span class='ocrx_word' id='word_1_225' title='bbox 676 3919 812 3987; x_wconf 85' lang='lat' dir='ltr'>eximit.</span> 
     </span>
    </p>
   </div>
   <div class='ocr_carea' id='block_1_8' title="bbox 304 4049 852 4207">
    <p class='ocr_par' dir='ltr' id='par_1_11' title="bbox 304 4049 852 4207">
     <span class='ocr_line' id='line_1_35' title="bbox 306 4049 852 4122; baseline 0.005 -19"><span class='ocrx_word' id='word_1_226' title='bbox 306 4051 406 4121; x_wconf 79' lang='grc' dir='ltr'>ὀρνίθετ</span> <span class='ocrx_word' id='word_1_227' title='bbox 417 4051 448 4104; x_wconf 82' lang='grc' dir='ltr'>δέ</span> <span class='ocrx_word' id='word_1_228' title='bbox 457 4073 486 4104; x_wconf 88' lang='grc' dir='ltr'>τε</span> <span class='ocrx_word' id='word_1_229' title='bbox 497 4052 595 4104; x_wconf 78' lang='grc' dir='ltr'>πολλοὶ</span> <span class='ocrx_word' id='word_1_230' title='bbox 607 4049 649 4105; x_wconf 75' lang='grc' dir='ltr'>ὑπ’</span> <span class='ocrx_word' id='word_1_231' title='bbox 663 4052 743 4122; x_wconf 75' lang='lat' dir='ltr'>adytis</span> <span class='ocrx_word' id='word_1_232' title='bbox 755 4050 852 4119; x_wconf 72' lang='grc' dir='ltr'>ἦελίοιο</span> 
     </span>
     <span class='ocr_line' id='line_1_36' title="bbox 304 4135 794 4207; baseline 0.016 -18"><span class='ocrx_word' id='word_1_233' title='bbox 304 4135 426 4205; x_wconf 83' lang='grc' dir='ltr'>φοιτῶσ’,</span> <span class='ocrx_word' id='word_1_234' title='bbox 439 4136 501 4189; x_wconf 78' lang='grc' dir='ltr'>οὐδέ</span> <span class='ocrx_word' id='word_1_235' title='bbox 512 4158 540 4190; x_wconf 87' lang='grc' dir='ltr'>τε</span> <span class='ocrx_word' id='word_1_236' title='bbox 552 4136 645 4193; x_wconf 76' lang='grc' dir='ltr'>πάντες</span> <span class='ocrx_word' id='word_1_237' title='bbox 657 4137 794 4207; x_wconf 78' lang='grc' dir='ltr'>ἐναίσιμοι.</span> 
     </span>
    </p>
   </div>
   <div class='ocr_carea' id='block_1_9' title="bbox 271 4294 616 4369">
    <p class='ocr_par' dir='ltr' id='par_1_12' title="bbox 271 4294 616 4369">
     <span class='ocr_line' id='line_1_37' title="bbox 271 4294 616 4369; baseline 0.009 -22"><span class='ocrx_word' id='word_1_238' title='bbox 271 4302 283 4324; x_wconf 83' lang='lat'>¹¹</span> <span class='ocrx_word' id='word_1_239' title='bbox 302 4294 356 4349; x_wconf 86' lang='lat' dir='ltr'>0d.</span> <span class='ocrx_word' id='word_1_240' title='bbox 369 4295 404 4350; x_wconf 79' lang='lat' dir='ltr'>vi.</span> <span class='ocrx_word' id='word_1_241' title='bbox 420 4308 486 4366; x_wconf 60' lang='grc' dir='ltr'>ιαμ</span> <span class='ocrx_word' id='word_1_242' title='bbox 505 4298 558 4351; x_wconf 81' lang='lat' dir='ltr'>xiv.</span> <span class='ocrx_word' id='word_1_243' title='bbox 573 4311 616 4369; x_wconf 86' lang='lat'>57.</span> 
     </span>
    </p>
   </div>
   <div class='ocr_carea' id='block_1_10' title="bbox 0 0 1377 4866">
    <p class='ocr_par' dir='ltr' id='par_1_13' title="bbox 0 0 1377 4866">
     <span class='ocr_line' id='line_1_38' title="bbox 0 0 1377 4866; baseline 0 0"><span class='ocrx_word' id='word_1_244' title='bbox 0 0 1377 4866; x_wconf 95' lang='lat' dir='ltr'> </span> 
     </span>
    </p>
   </div>
  </div>
 </body>
</html>
