2738 4866
157 289 250 383 enan.
261 342 292 382 x.
390 316 457 384 οιιιιι
471 320 619 405 solamente
633 320 807 405 adtemptat
818 321 969 406 apertam·
1138 322 1201 388 159

368 489 527 560 Plerumque
538 487 621 560 grate
633 488 763 543 divitibus
776 489 854 552 vices,

368 575 534 646 Mundaeque
546 591 627 644 parvo
640 574 692 629 sub
705 574 771 628 Lare
783 592 931 645 pauperum

404 659 505 731 Coenae,
517 660 574 715 sine
586 661 676 715 aulaeis
689 669 715 714 et
727 668 808 724 oeno,
994 652 998 662 ’

438 747 575 802 Solicitam
587 748 736 817 explicuere
747 747 870 802 frontem.

156 886 281 996 Atque
315 897 536 996 eajquidem
570 906 638 975 hoc
668 914 828 998 tempore
858 904 1001 985 adduxi,
1032 926 1104 972 non
1132 927 1208 994 quo,

155 1021 329 1104 dubitem,
353 1011 546 1116 Virgilium
573 1044 617 1090 ex
646 1022 764 1091 animo
792 1020 940 1090 flumina
964 1042 1109 1100 amasse,
1126 1002 1203 1113 vsyl-

156 1158 305 1228 vasque:
341 1159 447 1228 quem
471 1159 581 1206 unum
606 1137 763 1205 omnium
787 1137 824 1205 in
847 1158 885 1205 re
908 1136 1039 1205 rustica
1064 1157 1207 1235 semper,

155 1236 387 1322 existimarim
405 1276 475 1322 non
492 1252 599 1323 modo
612 1251 804 1344 plurimum
820 1253 946 1322 vidisse
957 1274 1080 1321 verum
1094 1251 1202 1321 etiam

154 1369 325 1437 acerrime
352 1369 509 1439 sensisse.
540 1419 541 1422 ,
562 1368 621 1442 Sic
641 1376 764 1438 autem
781 1367 893 1438 ferme
907 1376 1054 1452 statuo:
1082 1390 1211 1471 quem-¹

155 1484 346 1554 admodum
385 1472 452 1554 usu
490 1485 588 1553 venit
630 1485 748 1576 pneris
782 1484 944 1565 divitum,
977 1492 1019 1553 ut
1056 1483 1211 1575 abjectis

156 1621 248 1691 saepe
281 1599 488 1693 insignibus,
518 1598 621 1692 palea
655 1599 776 1669 ludere
810 1599 965 1693 gestiant
1000 1621 1042 1668 ac
1072 1621 1210 1667 ramnes

157 1713 266 1797 culie3
290 1715 351 1807 qui
369 1723 489 1785 autem
508 1716 627 1808 egenis
645 1716 806 1785 oriuntur
822 1715 1037 1814 parentibus
1054 1722 1096 1783 ut
1113 1722 1207 1804 attof.

155 1830 221 1900 niti
240 1837 407 1922 stupeant
429 1853 526 1913 auro,
543 1854 709 1922 purpura,
726 1831 896 1924 gemmis:
925 1831 976 1900 ita
996 1830 1101 1921 plane
1120 1828 1206 1900 Vir-

154 1945 282 2038 gilium
299 1946 459 2041 intelligo
477 1949 522 2017 ab
540 1948 665 2039 opibus
688 1955 725 2017 et
751 1948 831 2017 luce
852 1946 914 2016 illa
931 1945 1059 2016 Palatii
1073 1946 1207 2038 vcupide¹

156 2084 197 2131 ac
214 2061 368 2132 libenter
384 2064 523 2133 avolare
540 2064 585 2133 ad
603 2086 699 2134 casas
716 2087 797 2134 suas
814 2070 851 2132 et
868 2071 1003 2163 aratra;
1030 2061 1209 2145 Homero,

156 2199 261 2269 gazas
283 2177 433 2269 placere,
452 2187 489 2248 et
512 2201 636 2272 regum
659 2180 770 2249 atria:
796 2186 997 2269 utrumque,
1016 2187 1057 2249 ut
1075 2179 1128 2263 fit,
1147 2201 1205 2248 eas

156 2293 312 2362 maxime
339 2315 394 2365 res
418 2294 593 2378 admirari,
612 2318 689 2387 quae
707 2296 778 2365 sint
801 2319 823 2365 a
845 2317 908 2364 sua
925 2294 1069 2364 fortuna
1085 2294 1206 2386 paullo

157 2409 375 2478 remotiores.

208 2522 280 2593 Sed
311 2524 355 2594 de
386 2524 538 2620 Virgilio
565 2527 650 2596 alias
681 2527 821 2596 videro:
856 2549 966 2595 unum
995 2525 1109 2596 solum
1138 2525 1211 2595 hoc·

157 2646 319 2732 tempore
337 2664 381 2710 ex
400 2639 512 2712 Iliade
535 2641 659 2712 afferre
684 2642 811 2725 liceat3
838 2644 933 2733 quod
953 2642 1102 2711 mirifice
1120 2664 1208 2731 quo-

159 2755 348 2825 dammodo
372 2758 463 2848 sapit
487 2757 669 2828 hominem
690 2759 789 2828 victu
812 2760 1027 2829 vendentem
1051 2780 1212 2854 operam„

159 2870 286 2943 Nostis
315 2872 482 2955 fabulam,
510 2873 743 2945 subrusticam
772 2897 865 2956 sane,
892 2876 937 2944 de
966 2873 1141 2964 Neptuno
1169 2883 1213 2971 et

158 2984 339 3078 Apolline,
357 2986 447 3056 coelo
473 2988 710 3072 exulantibus,
729 2991 892 3060 mercede
919 3012 940 3058 a
962 2987 1211 3056 Laomedonte

158 3103 353 3172 conductis.
381 3100 486 3173 Hanc
503 3127 525 3174 a
542 3105 720 3175 veteribus
740 3113 925 3197 acceptam
944 3103 1118 3195 Neptuno
1144 3125 1214 3172 suo.

159 3218 285 3288 tribuit
304 3218 484 3289 Homerus
494 3215 514 3290 ¹.

299 3394 374 3452 Ἀλλ’
387 3394 431 3449 ὅτε
443 3395 474 3465 δὴ
485 3386 592 3466 μισθοῖο
603 3397 682 3454 rebor
693 3397 854 3469 πολυγηθέες
860 3395 939 3466 Ὧραι

300 3481 436 3554 ἐξέφερον,
447 3486 506 3537 τότε
518 3489 564 3538 νῶϊ
573 3482 686 3553 βιήσατο
697 3485 794 3554 μισθὸν
805 3485 904 3540 ἅπαντα

301 3569 437 3637 Λαομέδων
449 3570 586 3641 ἔκπαγλος,
599 3570 742 3638 ἀπειλήσας
755 3570 776 3625 δ’
789 3571 937 3640 ἀπέπεμπεν
940 3609 1033 3626 ......

301 3661 347 3708 νῶἵ
358 3654 388 3708 δέ
397 3654 419 3709 τ’
431 3655 547 3728 ὅψοῤῥοι
558 3657 646 3727 κίομεν
657 3657 787 3734 recordere
800 3657 881 3732 θυμῷ,

300 3741 396 3810 μισθοῦ
407 3745 542 3814 χωόμενοι,
554 3745 599 3798 τὸν
611 3744 728 3800 ὑποστὰν
740 3745 785 3797 οὔκ
798 3744 951 3799 ἐτέλεσσεν.

161 3897 343 3966 Nimirum
370 3899 536 3990 operariis
561 3899 655 3968 horae
682 3907 765 3968 sunt
792 3896 1005 3988 πολυγηθέες,
1036 3883 1218 3962 redeunte

160 4013 304 4102 demum
323 4015 523 4083 mercedem
541 4014 732 4106 recipiendi
750 4024 930 4106 tempore:
961 4011 997 4078 id
1015 4007 1110 4106 quod
1131 4029 1210 4099 gra-

160 4127 311 4198 cissimis
341 4128 456 4198 verbis
484 4129 588 4198 docet
623 4129 762 4199 divinus
796 4128 857 4197 ille
888 4124 1075 4195 Hebraicae
1104 4121 1211 4214 Legis

161 4243 353 4335 Interpres‚
388 4244 448 4335 qui
484 4251 521 4314 et
554 4243 630 4334 ipse
664 4244 852 4335 aliquando
869 4301 871 4306 s
887 4263 1021 4332 pauper
1055 4245 1092 4308 et
1126 4235 1211 4319 exul

585 4450 592 4482 ¹
611 4451 644 4505 ll.'
658 4452 712 4506 xxi.
725 4464 787 4517 450.
