2738 4866
155 333 247 374 rann.
261 332 314 374 xx.
396 312 522 376 Sonam
537 312 773 396 Agamemnonis
789 312 951 396 AEschplaa'.
1138 315 1199 378 381

157 480 285 565 Immo,
304 490 344 553 ut
361 484 515 554 sanctius
541 483 727 554 adhibeam
752 486 1005 568 testimonium,
1023 485 1041 554 ὁ
1060 486 1203 580 προστί-

157 599 220 671 θεις
246 601 376 687 γνῶσιν,
394 602 578 693 προσθήσει
600 596 748 690 ἄλγημα.
802 600 855 669 Ea
871 623 926 670 res
948 601 1094 671 mirifice
1112 602 1203 671 deti·

156 720 219 781 net
253 715 428 796 animum,
452 715 556 785 citius
586 714 794 807 plerumque
824 714 1052 808 languentem
1084 715 1121 785 in
1150 715 1203 796 iis,

156 828 238 918 quae
255 829 459 899 mortalium
483 829 641 913 modum,
659 829 876 922 affectusque
893 830 1067 900 humanos
1083 853 1204 922 super·

156 951 229 1012 ant.
282 943 465 1016 Universae
494 954 616 1016 autem
642 945 845 1016 Cassandrae
875 935 992 1038 partes
1020 947 1057 1015 in
1082 970 1125 1017 eo
1146 946 1203 1017 vel

156 1060 331 1151 praecipue
348 1060 546 1146 vertuntur,
564 1069 605 1130 ut
629 1083 672 1131 ea
690 1069 838 1154 propter
851 1058 1057 1152 Apollinem
1082 1060 1204 1131 miser·

157 1172 245 1242 rima
267 1174 332 1256 sit;
362 1174 526 1244 videlicet
555 1182 702 1266 propter
724 1175 904 1245 divinandi
930 1175 1134 1244 scientiam:
1162 1195 1205 1245 ea

157 1294 277 1358 tamen
295 1287 385 1382 lege,
402 1296 444 1359 ut
461 1312 641 1381 nunquam
662 1292 843 1361 continere
864 1311 901 1360 se
920 1288 1046 1373 valeat,
1063 1289 1150 1380 quin
1166 1290 1204 1359 in

158 1400 261 1472 horas
274 1403 348 1473 fere
360 1405 506 1487 divinet,
519 1427 561 1474 ac
578 1407 744 1497 praecinat
757 1414 936 1475 eventura.
971 1405 1085 1474 Tanto
1099 1402 1204 1474 simul

158 1526 195 1587 et
213 1517 350 1614 φίλτρῳ
374 1527 412 1588 et
438 1521 567 1589 damno
595 1520 670 1591 fore
693 1520 904 1590 mortalibus*
924 1519 1035 1590 futuri
1051 1536 1206 1612 praesen·

157 1632 292 1702 sionem
309 1633 553 1728 intelligimus.

208 1748 296 1831 Quae
322 1773 403 1820 cum
429 1751 481 1820 ita
506 1752 585 1835 sint,
611 1751 700 1820 nihil
727 1761 847 1822 vetare
873 1750 1093 1833 crediderim,
1118 1749 1204 1842 quin

158 1864 364 1959 AEschylum
382 1875 541 1936 nostrum
555 1868 592 1936 in
605 1867 877 1960 Agamemnone
887 1866 1089 1956 judicemus
1106 1887 1205 1960 spee-

159 1987 252 2050 tasse
277 1980 313 2049 id
338 1981 518 2073 proprium
536 2005 576 2052 ao
593 1983 819 2074 praecipuum,
837 1989 879 2052 ut
896 1990 1115 2052 succurreret
1131 1980 1206 2074 pie·

160 2096 227 2167 tati
251 2095 385 2166 labenti
409 2105 552 2190 propter
575 2097 783 2188 inaequalem
808 2098 954 2167 humani
978 2097 1117 2190 generis
1133 2119 1205 2167 sor-

160 2219 245 2281 tem.
303 2212 358 2295 ld,
393 2220 434 2282 ut
468 2229 565 2306 puto,
595 2213 718 2283 sedulo
751 2213 836 2307 egit,
870 2222 912 2283 ut
946 2212 1204 2306 religiosissime

160 2328 406 2419 deprecaretur
423 2352 545 2398 eorum
563 2330 747 2413 rationem,
765 2329 824 2421 qui
846 2353 901 2400 ros
923 2330 1108 2410 hominum
1130 2327 1204 2422 regi

160 2443 284 2512 volunt
305 2445 379 2514 sive
403 2445 477 2515 fato
503 2447 576 2516 sive
603 2468 707 2529 casu3
733 2445 977 2516 lubentissime
994 2466 1087 2526 vero,
1105 2445 1203 2535 quasi

159 2581 223 2649 per
255 2567 490 2643 transennam,
518 2568 729 2630 monstraret
763 2559 1000 2651 aequissimum
1035 2556 1204 2626 Numinis

160 2672 206 2743 Ο.
225 2673 279 2743 M.
298 2675 451 2758 oculum,
470 2676 571 2746 bonis
596 2676 768 2767 malisque
793 2674 925 2767 pariter
948 2671 1204 2765 invigilantem,

161 2791 257 2859 omni
274 2790 352 2861 loco
369 2814 411 2861 ac
428 2801 598 2883 tempore.
646 2792 728 2874 Quo
745 2791 787 2860 fit
804 2798 846 2860 ut
862 2811 968 2860 nemo
986 2786 1090 2858 facile
1107 2786 1205 2856 inve-

160 2905 287 2990 niatur,
305 2908 364 3000 qui
382 2907 427 2976 ab
445 2905 716 3001 Agamemnone
733 2904 884 2999 legendo
904 2927 977 2974 non
1000 2926 1043 2973 eo
1064 2924 1206 2973 consur·

160 3028 222 3114 gat
242 3020 382 3104 affectu,
399 3032 441 3093 ut
457 3023 559 3093 malit
575 3023 641 3094 sibi
659 3046 741 3093 cum
758 3045 841 3115 rege
858 3022 917 3113 pio
935 3019 1084 3089 exitium
1100 3039 1206 3111 quam

161 3160 243 3208 cum
269 3138 448 3231 parricidis
471 3161 633 3210 securum
658 3138 733 3208 fore
758 3136 990 3230 triumphum.
1041 3132 1207 3205 Colorem

161 3261 283 3323 autem
307 3253 403 3324 hunc
426 3277 563 3326 sacrum
586 3262 694 3346 atque
716 3263 853 3325 castum
875 3253 927 3323 rei
950 3250 1152 3321 foedissimae
1169 3257 1208 3320 ct

161 3369 385 3439 atrocissimae
403 3392 458 3454 eo,
475 3379 517 3440 ut
534 3370 621 3454 dixi,
637 3371 812 3463 praecipue
828 3367 992 3440 adhibuit
1004 3362 1206 3459 AEschylus,

162 3484 256 3574 quod
286 3485 463 3576 sapienter
491 3486 624 3579 fingere
651 3487 790 3555 noverit
818 3507 882 3577 par
914 3482 1003 3553 illud
1033 3480 1207 3551 nobilium

161 3598 371 3670 mulierum:
395 3599 582 3691 exquibus
599 3601 734 3670 incesta
745 3622 823 3690 quae
840 3599 886 3669 sit
901 3606 939 3667 et
956 3596 1053 3666 omni
1068 3594 1208 3687 polluta

163 3714 319 3797 crimine,
336 3737 382 3785 ne
399 3715 474 3806 ipsa
491 3714 635 3805 quidem
652 3714 719 3784 sibi
736 3720 922 3806 temperat,
940 3713 1026 3803 quin
1042 3733 1080 3781 se
1098 3710 1208 3780 fatea-

163 3837 223 3898 tur
238 3830 351 3899 imbui
375 3830 545 3924 religione
562 3830 724 3922 quadam,
743 3837 781 3900 et
797 3829 982 3923 praesentis
1000 3826 1069 3897 Dei
1093 3847 1207 3897 sensu.

163 3942 292 4015 Altera
308 3968 402 4029 vero,
420 3947 514 4037 quod
536 3969 624 4038 pace
640 3945 790 4017 dixerim
811 3944 963 4015 nominis
984 3943 1077 4013 inter
1097 3964 1209 4035 pauca

164 4061 362 4142 venerandi,
397 4061 602 4132 occubuisse
639 4067 800 4131 narratur
836 4059 1060 4131 Manrruusr
1097 4058 1209 4128 ferme

163 4176 255 4258 ritu;
285 4177 414 4268 quippe
438 4199 518 4268 quae
541 4175 662 4247 volens
685 4176 855 4270 sanguine
880 4197 944 4246 suo
965 4173 1208 4244 testimonium

163 4291 390 4362 sanctissimae
407 4291 549 4361 veritati
565 4291 795 4383 perhibuerit.
