2738 4866
156 350 245 392 rann.
257 348 325 390 xvr.
376 325 506 389 mamma
520 345 586 387 cum
601 323 795 408 roliqiocibus
809 323 976 406 conjurato.
1139 325 1196 388 27]

156 522 252 568 more
262 498 389 577 solent,
401 497 461 587 qui
475 494 621 586 singulis
634 494 746 563 fenne
759 494 859 562 annis
871 494 965 583 apud
975 515 1039 562 nos
1050 491 1204 583 produnt

156 614 274 682 canori
301 612 476 689 homines,
501 609 689 700 popularis·
706 631 800 677 aurae
825 616 1035 698 captatores.
1087 605 1204 675 immo

156 749 250 806 vero,
268 727 322 793 uti
346 734 433 792 tunc
451 723 620 815 temporis
645 723 826 792 habebant
852 745 889 790 se
913 744 968 790 res
994 719 1204 802 Hellenicae,

156 841 254 910 nulla
277 861 418 931 prorsus
436 839 517 907 vitae
539 860 618 928 pars
641 848 728 918 erat,
755 860 816 906 seu
839 837 935 904 domi
961 836 1035 904 sive
1057 835 1206 916 militiae,

156 954 295 1023 nullum
323 974 439 1043 neque
467 952 649 1043 publicum
681 975 795 1042 neque
829 951 1005 1042 privatum
1040 950 1206 1033 officium,

158 1093 227 1160 quo
245 1092 318 1138 non
335 1067 570 1159 pertinuerint
587 1068 708 1135 statim
728 1065 878 1134 Homeri
900 1066 1065 1144 carmina,
1084 1086 1206 1134 vemm

161 1185 353 1272 vivumque
370 1183 471 1250 istius
495 1179 613 1250 saeculi
636 1180 838 1271 exemplam
863 1179 970 1247 modo
987 1178 1104 1247 colore
1121 1202 1207 1269 qno-

158 1298 239 1368 dam
267 1298 456 1378 imbutum,
481 1295 593 1386 qualis
617 1318 693 1364 esse
713 1295 804 1364 solet
826 1296 1033 1364 exuviarum
1056 1292 1207 1362 labentis

159 1413 236 1494 aevi,
251 1410 308 1480 vel
325 1413 402 1503 ipsa
418 1412 588 1479 moestitia
605 1433 646 1478 ac
664 1410 837 1478 desiderio
853 1411 1058 1502 gratiorum.
1111 1408 1207 1490 Quid

157 1526 300 1594 multa?
325 1524 585 1616 respondebant
607 1524 800 1594 Homerica
825 1526 930 1594 rebus
953 1533 1060 1615 atque
1083 1523 1209 1592 animis

160 1637 349 1729 aequalium
367 1660 520 1714 suorum,
538 1638 643 1729 plane
660 1639 752 1707 sicut
769 1639 876 1708 bodie
892 1639 1107 1729 respondent
1128 1659 1210 1705 can-

158 1753 280 1823 tilenae
298 1754 448 1822 nauticae
463 1761 653 1822 nantamm
670 1753 787 1836 rebus,
805 1754 1021 1843 animisque:
1040 1751 1206 1820 eundem-

160 1891 233 1959 que
263 1867 359 1936 illico
389 1869 456 1936 sibi
483 1868 602 1937 locum
631 1870 725 1959 apud
753 1869 938 1961 populares
966 1867 1159 1936 vindicavit
1189 1866 1207 1934 ὁ

161 1981 320 2064 Ποιῆτης,
335 2005 440 2074 qnam
454 1983 545 2074 apud
558 2006 622 2053 nos
636 1982 856 2074 Shakspems
869 1992 996 2064 noster,
1008 1982 1209 2073 Anglorum

160 2099 233 2166 κατ’
252 2095 372 2191 ἐξοχὴν
388 2106 487 2167 vates
499 2098 581 2187 jure
597 2099 809 2168 nominatus.

229 2211 393 2280 Eundem
428 2212 533 2282 dico?
576 2214 686 2282 immo
721 2235 804 2282 vero
838 2212 1046 2282 familiarem
1084 2213 1207 2304 magia,

162 2327 376 2417 propiusque
400 2327 444 2396 ad
469 2349 546 2396 aras
571 2327 738 2417 focosque
764 2329 1016 2397 accedentem:
1052 2327 1208 2396 maxime

160 2449 305 2528 propter
339 2437 499 2507 Deorum
536 2438 732 2530 religiones,
770 2441 979 2532 quibuscum
1014 2441 1208 2510 arctissime

162 2555 352 2643 conjuncta
387 2564 463 2622 erat
496 2575 646 2644 semper,
680 2556 734 2623 uti
776 2557 897 2635 nostis,
936 2554 1208 2623 Homericorum

162 2668 343 2737 memoria.
396 2666 518 2758 Atque
548 2668 606 2736 hic
640 2670 772 2738 nemini
806 2693 888 2752 non,
920 2678 1017 2760 puto,
1049 2677 1209 2738 occurret

163 2783 411 2852 Herodoteum
424 2784 531 2864 istud,
546 2784 591 2852 de
609 2783 768 2854 Hesiodo
786 2796 824 2854 et
842 2781 1037 2854 Homero¹:
1055 2780 1160 2854 Οὗτοι
1176 2782 1211 2852 δέ

163 2899 226 2966 εἰσι
245 2898 277 2966 οἱ
289 2893 486 2979 ποιησάντες
501 2899 669 2987 θεογονίην
680 2897 843 2983 Ἕλλησι,
855 2900 906 2968 καὶ
921 2909 1011 2968 τοῖσι
1027 2902 1131 2968 θεοῖσι
1149 2894 1210 2972 τὰς

162 3011 338 3092 ἐπωνυμίας
361 3009 481 3095 δόντες,
499 3012 551 3081 καὶ
568 3011 667 3094 τιμάς
689 3045 729 3082 τε
754 3013 804 3082 καὶ
829 3014 947 3108 τέχνας
970 3012 1140 3093 didicero-es,
1157 3011 1209 3079 καὶ

162 3121 247 3194 rideo
264 3125 368 3194 αὐτῶν
384 3125 591 3218 σημήναντες.

215 3240 320 3323 Quod
338 3241 473 3332 utique,
492 3251 533 3309 ut
550 3241 710 3333 plerique
727 3245 947 3335 interpretes,
965 3267 1037 3313 non
1054 3246 1105 3313 ita
1115 3243 1212 3333 judi-

165 3377 288 3425 camus
303 3355 561 3446 accipiendum,
579 3358 678 3448 quasi
699 3381 745 3426 ex
764 3358 918 3450 AEgypto
936 3367 1043 3450 atque
1061 3382 1107 3428 ex
1124 3356 1213 3426 Asia

166 3483 245 3540 tum
262 3473 417 3563 primum
431 3473 644 3542 deduxerint
657 3472 709 3541 illi
724 3473 897 3544 coloniam
912 3476 1087 3565 quandam
1105 3497 1213 3542 novo-

166 3609 245 3655 rum
263 3588 471 3657 numinum:
494 3611 616 3658 vemm
634 3589 684 3659 sic
697 3591 895 3671 statuimus,
906 3590 1081 3680 principes
1097 3611 1157 3657 eos
1174 3589 1212 3656 in

167 3703 326 3772 ordinem
356 3702 542 3795 redegisse,
574 3703 730 3774 versibus
760 3727 801 3773 ac
828 3704 1006 3773 memoriae
1034 3725 1212 3773 commen-

168 3821 281 3902 dasse,
292 3841 382 3912 vaga
398 3820 495 3911 prius
512 3830 619 3910 atque
636 3821 771 3890 incerta
787 3830 894 3912 atque
907 3822 943 3889 in
957 3843 1016 3890 ore
1028 3818 1212 3888 hominum

168 3933 348 4005 fluitantia
372 3936 417 4005 de
444 3934 522 4004 Diis
548 3937 619 4004 suis
646 3945 868 4006 commenta:
904 3937 975 4006 suis
1003 3934 1215 4005 carminibus

168 4051 364 4120 reddidisse
384 4051 557 4120 rationem
579 4075 711 4133 eorum,
730 4076 809 4143 quae
832 4054 868 4121 in
892 4052 1012 4121 oculos
1032 4051 1214 4120 hominum

169 4164 270 4235 nullo
288 4189 358 4234 non
378 4175 538 4256 tempore
560 4169 795 4249 incurrebant,
814 4168 976 4236 ludorum
1000 4167 1088 4248 dico,
1112 4166 1216 4236 sacri·

621 4311 622 4314 Ἰ
641 4327 647 4358 ¹
666 4328 692 4382 ii.
706 4342 749 4397 53.
