2738 4866
158 328 224 389 204
253 324 427 409 ocymum
441 323 487 388 ad
498 324 671 389 catumeum
690 324 843 394 &caiam
851 325 1016 409 minora.
1045 348 1140 389 runa.
1151 349 1203 390 xu.

160 497 311 588 viguisse
336 494 478 565 labente
504 493 631 564 sacculo
660 493 832 577 Heroum,
859 497 1020 586 sequitur
1046 505 1083 566 et
1109 497 1205 578 illud,

160 611 366 704 Odysseiam
393 611 469 702 ejus
492 633 621 703 magna
644 633 690 680 ex
716 619 816 702 parte
839 634 895 681 res
918 635 1070 695 narrare,
1089 612 1208 705 quales

158 728 233 818 ipse
247 727 357 796 oculis
370 728 442 796 suis
456 727 596 809 viderit,
606 726 715 796 immo
730 727 837 796 etiam
853 751 1014 819 quarum,
1029 730 1056 798 si
1071 728 1144 798 fors
1161 731 1209 798 ita

158 842 294 921 tulerit,
313 841 420 911 fuerit
437 842 512 932 ipse
529 865 601 911 non
618 843 766 912 minima
784 865 875 934 pars.
910 844 994 913 Jarn
1013 853 1092 914 tum
1115 845 1207 914 enim

158 967 236 1026 tota
254 956 391 1026 Graecia
407 956 567 1027 inclinari
588 966 745 1048 coeperat
770 960 964 1029 auctoritas
982 961 1088 1053 regia,
1108 968 1146 1030 et
1165 960 1208 1029 ad

158 1072 363 1165 popularem
390 1080 523 1142 statum
550 1095 694 1166 vergere
722 1075 851 1156 omnia,
878 1098 950 1145 non
976 1077 1054 1145 sine
1079 1078 1207 1169 gravis·

158 1190 246 1259 sima
275 1211 392 1258 rerum
422 1189 700 1280 perturbatione.
751 1188 875 1281 Atque
902 1214 948 1260 ea
974 1192 1207 1284 rerumpubli-

158 1328 278 1376 carum
305 1305 487 1374 conversio
514 1328 586 1375 non
613 1328 690 1375 raro
711 1305 827 1385 ,fiebat
853 1329 917 1398 per
942 1308 1107 1378 homines
1132 1332 1207 1400 pro-

157 1420 449 1505 tervos,·facilius,
462 1421 609 1491 absente
622 1422 790 1513 principe,
805 1431 1016 1515 grassantes.
1044 1423 1204 1495 Crebrius

157 1547 277 1607 autem
312 1538 389 1607 istis
423 1537 642 1628 temporibus
671 1537 817 1607 aberant
851 1562 872 1608 a
902 1540 974 1608 suis
1004 1539 1202 1610 civitatibus

156 1653 281 1746 reguli,
300 1676 382 1722 cum
405 1660 442 1722 et
466 1651 561 1722 bella
586 1661 757 1744 perpetua
777 1653 1003 1745 gerebantur,
1025 1665 1065 1723 et
1090 1658 1202 1726 munia

158 1766 367 1837 bellantium
403 1767 529 1835 omnia·
554 1766 600 1836 ab
630 1767 714 1858 ipsis
743 1768 980 1858 poscebantur
1013 1768 1202 1861 Imperato

156 1883 264 1953 ribus.
316 1882 387 1953 Fac
407 1883 516 1952 istum
534 1882 643 1952 fuisse
666 1906 784 1954 rerum
803 1882 1077 1953 Hellenicarum
1101 1886 1201 1977 ipsius

157 1996 306 2068 Homeri
323 2007 483 2090 tempore
501 2006 682 2082 tenorem3
700 1998 857 2082 habebis,
876 2001 971 2090 quod
988 2023 1063 2069 non
1080 2023 1198 2092 parum

157 2114 342 2204 adjuvabit
359 2114 403 2183 ad
422 2113 670 2205 explicandam
687 2112 867 2207 Odysseiaa
884 2116 1073 2186 rationem.

193 2228 374 2320 Equidem
386 2229 504 2298 nullus
516 2230 679 2298 dubitare
690 2228 1010 2322 soleo,Odysseiam
1022 2232 1068 2302 ad
1079 2234 1202 2324 majora

160 2345 321 2434 quaedam
348 2367 546 2427 excurrere,
573 2367 679 2435 quam
704 2368 767 2436 pro
794 2354 902 2436 captu
926 2347 1034 2416 unius
1058 2346 1201 2417 familia.

159 2460 254 2542 Quin
278 2461 323 2530 ad
348 2460 517 2530 universae
538 2461 682 2530 Graeciae
703 2461 861 2531 fortunas
887 2484 967 2531 eam
992 2483 1201 2555 magnopere

157 2576 334 2666 pertinere
361 2576 522 2646 dixerim.
575 2573 672 2645 Nam
698 2577 997 2667 quemadmodum
1030 2577 1068 2646 in
1095 2577 1200 2646 Iliade

158 2715 229 2760 non
246 2693 364 2784 agitur
380 2692 426 2759 de
443 2714 513 2760 uuo
530 2690 605 2761 solo
619 2689 774 2774 Achille,
793 2715 915 2762 verum
933 2694 1045 2763 etiam
1063 2695 1108 2764 de
1125 2692 1201 2762 belli

158 2814 291 2874 eventu
321 2806 479 2874 omnium
513 2828 594 2896 quae
628 2805 743 2875 adhuc
777 2805 1011 2899 flagraverant
1052 2807 1200 2885 maximi,

159 2922 273 3010 deque
292 2922 374 2991 fatis
393 2920 542 3013 Europae
560 2932 667 3013 atque
684 2919 803 2992 Asiae:
829 2922 881 2991 ita
897 2924 1130 3019 cogitandum
1153 2930 1201 2992 est

158 3035 194 3104 iu
213 3035 385 3128 Odysseia
409 3060 479 3106 non
497 3038 542 3106 de
561 3036 689 3130 Ulysse
706 3045 847 3107 tantum
872 3046 910 3107 et
932 3037 1072 3123 Ithaca,
1090 3039 1150 3108 sed
1168 3045 1200 3107 et

159 3152 203 3220 de
230 3153 325 3220 omni
351 3153 487 3221 ratione
513 3175 631 3221 rerum
651 3154 689 3220 in
711 3151 851 3223 Graecia
872 3154 1200 3244 componendarum,

159 3267 346 3337 commotis
373 3277 414 3336 ut
442 3268 483 3337 fit
510 3267 635 3337 animis
663 3291 726 3337 seu
757 3268 893 3338 diutina
923 3269 1200 3362 peregrinatione

159 3383 333 3473 principis,
360 3405 423 3452 seu
447 3383 591 3452 defectu
616 3384 720 3476 regiae
746 3383 873 3475 stirpis,
897 3406 959 3453 seu
985 3385 1093 3454 rebus
1119 3383 1200 3452 infe

159 3498 273 3567 liciter
290 3500 409 3590 gestis
427 3521 490 3568 seu
507 3521 717 3590 quocunque
734 3501 876 3569 demum
895 3502 1015 3570 modo.
1070 3501 1201 3584 Quibus

159 3614 431 3705 tempestatibus
457 3637 539 3684 cum
564 3615 624 3684 alii
651 3616 846 3699 extiterint,
864 3617 924 3707 qui
943 3617 1027 3707 jura
1045 3615 1200 3686 Heroum

159 3739 325 3820 putarent
343 3733 588 3812 conservanda,
607 3754 756 3822 eamque
773 3754 844 3822 prae
860 3754 898 3801 se
917 3732 1051 3800 ferrent
1069 3731 1201 3822 reipub

161 3845 235 3914 licae
263 3849 445 3928 rationem,
475 3869 581 3937 quam
610 3871 693 3917 vere
719 3847 973 3917 circumscribit
1006 3870 1049 3917 ac
1082 3847 1200 3916 definit

160 3961 382 4054 Thucydides
391 3974 415 4044 ⁸,
446 3962 499 4030 ἐπὶ
529 3965 641 4058 ῥητοῖς
668 3959 787 4057 γερᾶσι
816 3962 976 4058 πατρικὴν
1010 3963 1200 4049 ficulneam

160 4075 220 4144 alii
246 4087 365 4146 autem
390 4081 450 4170 qui
475 4079 573 4150 nulla
598 4079 767 4172 religione
792 4103 855 4150 seu
880 4078 998 4171 palam
1025 4079 1200 4150 traherent

569 4331 712 4402 'Thucyd
725 4331 743 4384 i.
760 4347 800 4400 13.
