2738 4866
155 344 250 385 111111.
263 344 296 382 n.
404 319 487 395 Quid
500 320 533 380 in
542 321 650 400 prmus
662 318 818 380 Portam
832 317 985 381 habeatur.
1160 322 1202 381 15

155 492 200 560 ad
220 513 340 559 verum
362 489 536 580 perveniri
558 488 680 578 possit,
698 485 792 555 ultro
816 484 880 555 sibi
903 486 1090 555 occludere
1108 489 1204 557 vide-

155 619 223 675 tur.
275 606 398 695 Atque
409 600 510 673 ¹haud
533 604 605 672 scio
629 626 671 671 an
697 624 870 691 nusquam
888 603 1054 671 fidentius
1076 598 1122 670 eit
1144 626 1205 693 ap·

154 722 319 813 pellenda
337 720 489 813 vulgaris
507 743 549 788 11
566 717 732 807 loquendi
751 709 884 799 norma,
903 740 1008 807 quam
1030 717 1068 785 in
1085 718 1202 808 hujus·

155 837 251 904 modi
270 837 484 925 quaestione3
511 856 588 924 quae
608 832 693 900 licet
715 831 760 900 ab
782 832 891 921 ipsius
908 840 1045 900 naturae
1056 833 1204 922 judicio,

155 951 376 1042 simplicique
403 951 559 1018 omnium
587 947 790 1016 mortalium
817 968 931 1027 sensu,
952 969 1081 1038 magna
1106 956 1203 1016 certe

155 1089 201 1135 ex
233 1075 334 1156 parte
362 1065 527 1156 pendeat,
554 1063 652 1130 miris
681 1072 802 1130 tamen
833 1084 911 1130 eam
942 1062 1203 1152 ingeniosorum

155 1181 339 1249 hominum
358 1179 505 1270 argutiis
522 1176 693 1266 implicari
713 1184 750 1244 et
771 1177 890 1245 vexari
908 1176 1080 1245 videmus.

218 1296 314 1377 Quid
335 1306 390 1364 est
416 1295 534 1387 igitur,
561 1294 654 1383 quod
686 1292 752 1360 vel·
767 1293 804 1359 in
831 1292 883 1371 iis,
910 1314 997 1381 quos
1025 1315 1203 1382 nunquam

156 1411 200 1479 de
237 1411 391 1478 carmine
426 1409 591 1500 fingendo
626 1430 671 1475 ne
707 1407 879 1497 cogitasse
914 1407 1058 1496 quidem
1094 1409 1205 1498 suspi-

156 1548 277 1593 camur
288 1525 443 1614 3-quod
471 1525 507 1591 111
538 1523 664 1613 pueris,
688 1523 779 1611 quod
809 1522 844 1588 in
873 1522 1023 1602 rusticis,
1052 1523 1144 1613 quod
1168 1523 1203 1589 in

156 1639 326 1708 barbaris·
341 1649 448 1730 atque
476 1637 619 1706 incultis
644 1636 846 1704 hominibus
875 1635 1059 1704 Poeticum
1086 1638 1205 1705 nescio

157 1755 240 1843 quid
265 1776 396 1844 sapere,
415 1752 562 1822 Poetico
585 1753 708 1842 spiritu
733 1751 879 1819 animari
902 1751 1074 1821 dicimus?
1127 1752 1205 1820 Aut

157 1892 223 1961 ego
255 1868 564 1937 vehementissime
594 1866 706 1946 fallor,
736 1875 798 1933 aut
833 1867 1006 1955 ejusmodi
1036 1866 1123 1934 nihil
1151 1874 1205 1935 est

157 1986 311 2062 omnino,
331 1986 423 2074 qnod
442 2006 513 2052 non
532 1983 676 2052 latentis
701 1981 848 2071 alicujus
872 1982 1051 2072 specimen
1074 2004 1144 2072 prae
1167 2004 1206 2050 se

157 2101 247 2169 11111
273 2099 441 2181 111111111;
467 2098 555 2166 nihil
580 2099 672 2188 quod
698 2120 767 2165 non
793 2096 944 2187 eleganti
973 2097 1125 2186 quodam
1151 2120 1206 2165 so-

157 2215 243 2284 latio
261 2236 457 2304 repressum
475 2212 511 2280 in
529 2229 680 2302 praesens
698 2211 910 2279 desiderium
928 2210 1049 2281 leniat.

209 2442 418 2512 Leviculum
438 2443 555 2511 forsan
577 2442 764 2522 videbitur,
782 2443 874 2532 quod
893 2442 1047 2532 primum
1071 2444 1204 2514 dicam:

158 2560 272 2628 dicam
299 2570 419 2656 tamen
446 2559 614 2627 audacter
637 2568 744 2647 atque
768 2567 899 2649 aperte,
918 2558 976 2649 qui
1001 2559 1119 2640 sciam,
1142 2583 1207 2650 per

158 2673 249 2742 levia
267 2674 475 2764 plerumque
495 2674 682 2753 Naturam,
701 2675 785 2763 quid
810 2675 875 2743 sibi
895 2671 991 2756 velit,
1011 2675 1206 2745 certissime

157 2788 323 2857 indicare.
374 2788 505 2856 Nonne
523 2789 640 2878 pueris
657 2811 797 2877 quoque
816 2788 1020 2857 ludentibus
1038 2790 1072 2856 id
1092 2791 1205 2859 inesse

158 2904 346 2972 discrimen
360 2903 546 2983 cernimus,
565 2913 605 2970 ut
624 2903 723 2984 alter,
737 2926 807 2993 qua
824 2905 895 2972 fors
913 2904 1014 2984 ferat,
1032 2904 1101 2972 hnc
1120 2906 1205 2975 illuc

160 3029 306 3110 vagetur
331 3028 438 3109 atque
461 3017 596 3100 volitet,
618 3018 709 3086 alter
734 3019 851 3087 defixa
877 3021 973 3109 quasi
1000 3031 1120 3089 mente
1148 3046 1205 3091 co-

157 3134 409 3225 gitet-aliquid
440 3156 482 3202 ac
516 3132 709 3202 moliatur?
775 3133 914 3202 Horum
947 3145 1068 3203 autem
1097 3139 1206 3226 siquis

158 3248 320 3317 solertior
341 3249 502 3317 extiterit
528 3249 565 3315 in
589 3249 630 3316 iis
652 3249 854 3337 promendis
871 3272 949 3338 quae
969 3251 1108 3341 replent
1132 3255 1206 3320 1111-

157 3387 278 3446 mum;
305 3365 333 3432 si
360 3373 453 3444 actu,
479 3373 594 3455 gestu,
620 3364 818 3431 imitatione
845 3365 1006 3454 quadam,
1035 3368 1207 3459 imagines

158 3479 231 3548 alta
247 3488 369 3548 mente
386 3480 556 3569 repositas
580 3477 746 3569 effingere
769 3491 876 3567 atque
902 3479 1110 3550 adumbrare
1136 3483 1204 3552 cal-

159 3593 283 3663 luerit:
323 3617 440 3663 nonne
466 3594 534 3662 ista
567 3591 719 3662 solennis
749 3593 862 3661 oritur
890 3594 1107 3677 acclamatio,
1134 3621 1205 3667 non

158 3709 275 3789 modo,
300 3708 457 3789 “bella'’
483 3730 552 3774 non
583 3708 699 3787 modo,
727 3706 909 3798 “lepide”
936 3731 1058 3777 verum
1085 3713 1206 3795 etiam,

160 3831 179 3860 ‘⁶
189 3824 341 3913 poetice,
359 3824 493 3893 factum
504 3822 537 3891 1”
580 3821 633 3890 Ut
654 3823 777 3911 siquis
795 3846 904 3913 puero
924 3823 975 3891 illi
1000 3826 1205 3907 adstitisset,

154 3940 217 4028 qni
239 3939 336 4030 apud
364 3938 611 4006 Herodotum⁸
636 3937 870 4028 pulcherrime
897 3938 1120 4032 depingitur;
1146 3948 1206 4035 qui

159 4062 307 4144 tyranno
342 4054 542 4122 mercedem
578 4054 734 4144 neganti,
768 4062 806 4121 et
843 4075 907 4144 per
942 4054 1133 4126 ludibrium
1168 4071 1207 4132 11

594 4301 772 4370 11111137.
