2738 4866
220 314 263 373 38
407 308 565 391 Euomplis
580 307 708 380 muctar,
725 307 802 390 quid
814 308 848 367 iu
865 303 1041 368 Oratoribus
1112 328 1207 367 rann.
1221 327 1264 366 111.

222 480 446 570 persuadere;
467 480 599 568 majora
609 479 720 546 ferme
732 477 936 568 significare,
949 499 1052 567 quam
1065 475 1200 565 eloqui;
1218 476 1268 544 ita

222 593 465 683 pulcherrimis
483 593 755 684 cogitationibus
771 593 1014 670 abundarent
1032 589 1133 681 plura
1146 599 1267 658 tamen

221 708 355 776 indicta
372 717 548 777 maneant.
600 708 744 777 Miraris
767 707 878 797 plane,
897 708 956 797 qui
975 708 1020 774 ad
1044 704 1267 775 scribendum

224 823 328 913 plena
361 824 449 891 adeo
488 832 609 891 mente
642 823 840 903 accesserit,
876 844 957 890 eum
996 829 1071 890 tam
1105 819 1267 910 religiose

223 960 377 1006 servasse
391 937 488 1018 illud,
507 937 689 1005 “Manum
706 938 749 1005 de
766 936 887 1005 tabula
897 936 926 1005 :''
952 937 1014 1004 sed
1031 936 1136 1003 credo
1149 955 1268 1002 amore

224 1062 368 1141 captum
394 1051 529 1132 fecisse,
556 1060 596 1120 ut
618 1052 787 1141 quaeres
815 1052 987 1141 praecipue
1014 1049 1188 1140 diligeret,
1211 1071 1269 1116 eas

223 1163 327 1232 simul
345 1173 386 1232 et
404 1166 518 1256 dignis
531 1166 804 1245 commendaret,
823 1173 860 1234 et
883 1165 1045 1254 indignos
1066 1162 1181 1230 celare
1198 1161 1269 1228 vel-

225 1278 295 1347 let:
324 1280 479 1371 φωνᾶντα
498 1277 690 1346 συνέτοισιν·
714 1279 745 1351 ἔς
762 1276 795 1346 ds
812 1275 854 1345 τὸ
872 1281 947 1357 πᾶν,
961 1276 1114 1368 ἑρμηνέων
1127 1271 1268 1368 χατίζει.

276 1391 415 1463 Verum
432 1393 586 1481 quaeritis
609 1393 756 1461 fortasse
779 1391 994 1482 exemplum,
1013 1392 1106 1479 quod
1129 1397 1269 1456 nosmet

224 1507 318 1596 ipsos
334 1507 477 1596 propius
495 1507 687 1598 contingat.
740 1507 847 1574 Libet
872 1506 980 1596 igitur
1003 1504 1161 1573 conferre
1179 1504 1271 1569 inter

226 1643 273 1700 se,
292 1642 380 1710 quos
398 1621 467 1688 duo
485 1619 650 1687 facundia
670 1621 845 1709 principes
868 1625 1098 1710 agnoverunt,
1117 1617 1212 1684 hunc
1235 1614 1270 1681 in

225 1742 361 1814 senatu,
387 1743 508 1824 patres
530 1735 649 1814 nostri,
678 1733 978 1802 tumultuantibus
1000 1731 1133 1811 Gallis;
1169 1729 1269 1796 illum

226 1848 263 1916 in
285 1849 390 1918 sacris
411 1850 647 1930 concionibus
666 1827 824 1939 majores,
843 1847 1061 1917 Sanctissimi
1080 1846 1190 1937 Regis
1207 1845 1271 1911 ini-

227 1986 297 2052 quo
318 1972 490 2053 tempore,
527 1963 688 2053 Uterque
710 1965 748 2031 in
771 1964 947 2032 uberrima
965 1964 1150 2030 verborum
1170 1962 1272 2028 luxu-

226 2076 277 2145 rie
301 2086 416 2146 servat
437 2087 555 2146 tamen
583 2079 837 2146 sententiarum
862 2079 1094 2169 gravitatem:
1123 2084 1272 2164 uterque
1358 2166 1361 2173 ἢ

227 2193 278 2260 ita
299 2191 489 2260 vehemens
515 2193 595 2272 ruit,
617 2199 658 2260 ut
683 2214 799 2282 neque
825 2190 1010 2260 consilium
1036 2189 1272 2267 obliviscatur,

227 2306 373 2395 ipsoque
394 2305 494 2374 velut
514 2306 649 2395 impetu
675 2329 711 2374 se
733 2307 916 2374 sustineat.
970 2304 1034 2372 Est
1060 2313 1181 2371 tamen
1204 2324 1272 2391 quo

229 2419 438 2509 discrepent,
470 2428 508 2486 et
534 2418 637 2487 valde
666 2419 829 2509 quidem:
867 2420 960 2508 quod
991 2418 1094 2507 quale
1129 2419 1184 2497 sit,
1213 2417 1274 2484 do-

230 2542 333 2602 ceant
352 2533 527 2624 exempla.

279 2651 335 2717 Ac
349 2649 514 2738 primum,
525 2656 688 2716 revocate
702 2649 736 2715 in
754 2648 899 2729 animos,
910 2671 1036 2737 quaeso,
1048 2649 1173 2717 ardens
1186 2646 1273 2715 illud

233 2761 536 2831 Christianissimae
560 2762 705 2854 Regina
731 2762 896 2854 elogium,
926 2764 969 2831 de
996 2762 1082 2832 solio
1108 2763 1276 2854 indignis·

229 2879 318 2946 sime
328 2877 556 2949 deturbataeg.
590 2876 702 2947 “Vidi
713 2878 877 2966 equidem
889 2877 1012 2946 multis
1026 2876 1153 2945 abhinc
1165 2876 1274 2956 annis,

231 2993 514 3083 pulcherrimam,
541 2991 680 3080 qualem
707 3015 753 3059 ne
778 2993 814 3059 in
843 2993 987 3061 somniis
1013 2993 1155 3082 quidem
1182 2993 1275 3061 hunc
1308 3045 1310 3050 .

231 3108 353 3175 orbem
380 3106 539 3196 tetigisse
566 3106 774 3174 crediderim
797 3107 841 3191 (si
858 3107 964 3174 modo
981 3129 1103 3176 revera
1120 3108 1241 3199 tetigit
1253 3109 1275 3194 z)

233 3220 314 3300 vidi,
345 3219 501 3287 diluculo
532 3221 684 3308 quodam
715 3243 788 3301 suo,
819 3223 976 3312 margine
1010 3221 1101 3301 coeli,
1129 3223 1275 3290 vixdum

233 3343 413 3414 exortam3
440 3352 599 3422 superna,
617 3356 687 3423 quo
711 3335 929 3425 properabat,
957 3335 1045 3419 loca,
1070 3336 1277 3405 etiamtum

232 3448 314 3517 laeto
344 3447 477 3515 lumine
504 3448 657 3518 fovebat.
710 3448 805 3530 Quid
835 3449 972 3519 multa?
1023 3450 1099 3518 Eoo
1129 3450 1278 3519 lucidior

233 3561 418 3641 emicabat,
437 3561 541 3651 plena
565 3562 760 3652 splendore,
778 3563 883 3653 plena
902 3564 1042 3655 gaudie.
1084 3562 1277 3644 Quantum,

235 3674 345 3743 eheu!
365 3676 443 3766 Jam
468 3675 625 3744 mutata!
655 3678 751 3744 idem
781 3700 848 3769 ego
878 3701 986 3767 quam
1016 3680 1124 3746 durus
1154 3678 1277 3758 forem,

235 3790 264 3857 si
281 3790 361 3858 fixis
387 3789 498 3859 oculis
524 3789 653 3858 intueri
676 3814 826 3881 possem,
851 3791 914 3860 tali
940 3801 1030 3872 ortu,
1051 3801 1124 3860 tam
1151 3793 1278 3862 misere

237 3903 455 3972 occidentem
470 3903 497 3970 l'’

286 4016 378 4086 Haec
402 4019 525 4108 siquis
544 4028 563 4058 “
576 4020 672 4088 omni
696 4018 799 4089 laude
821 4021 981 4111 majora,”
998 4022 1027 4090 si
1044 4043 1128 4090 vere
1152 4030 1279 4112 “mag-

299 4277 309 4307 s
323 4267 422 4331 Burke,
438 4268 478 4321 Oa
491 4268 641 4321 tuirriaco
655 4269 816 4331 Reoolutioa,
831 4269 883 4338 Op.
897 4279 916 4322 t.
930 4287 1025 4340 v.149.
1045 4271 1131 4324 Lond.
1148 4275 1225 4340 1803.
