2738 4866
170 325 269 365 runc.
283 325 339 368 vu.
421 305 602 368 voluntarie
615 309 720 370 mortis
727 329 877 394 ρνωςορο
890 331 978 375 mnes.
1180 317 1223 383 95

171 471 300 562 Itaque
327 497 398 542 non
423 497 515 543 caeco
541 477 689 566 impetu,
708 476 807 545 velut
833 501 924 546 unus
950 480 1122 573 devulgo
1148 481 1223 549 bel-

171 586 334 670 lantium,
368 589 405 655 in
439 590 552 658 caedes
585 599 693 680 atquc
724 593 760 659 in
791 591 937 661 vulnera
971 596 1065 678 ruit;
1105 619 1221 686 neque

169 703 264 771 inter
294 725 392 795 spem
424 714 630 794 metumque
661 704 824 788 fluctuat,
852 706 995 775 illorum
1025 731 1134 791 more,
1161 713 1219 801 qui

169 815 246 883 alea
286 816 437 886 ludunt:
475 817 533 907 qui
569 818 711 906 quidem
748 819 794 886 ob
827 821 942 910 ipsum
975 820 1063 889 illud
1098 846 1220 904 unum,

170 929 356 1012 Dubitare,
386 954 457 1022 prae
492 953 529 999 se
564 932 682 999 ferunt
717 932 935 1002 fortitudinis
965 937 1063 1023 quasi
1099 937 1221 1005 simili-

168 1044 343 1113 tudinem.
396 1044 469 1114 Sed
487 1043 619 1113 Achilli
651 1067 806 1137 praesaga
831 1070 931 1115 mens
959 1055 1013 1115 est
1044 1051 1216 1130 omnium,

168 1159 257 1227 adeo
292 1169 412 1228 tamen
444 1161 594 1228 immota
627 1169 735 1249 atque
769 1160 850 1241 fixa,
885 1169 926 1229 ut
959 1169 1110 1230 nrortem
1147 1188 1217 1232 non

168 1272 404 1343 voluntariam
430 1264 615 1354 arcessere,
637 1276 698 1343 sed
726 1275 870 1343 fatalem
898 1275 1014 1344 subire
1036 1277 1216 1346 crederes:

165 1410 284 1479 neque
295 1389 324 1457 is
338 1390 517 1458 fortissimi
528 1389 635 1457 modo
648 1387 839 1469 bellatoris
852 1413 973 1458 verum
986 1391 1095 1458 etiam
1110 1392 1217 1476 (absit

166 1505 263 1573 dicto
291 1505 437 1595 invidia)
461 1504 590 1572 deditae
619 1526 660 1572 ao
685 1504 822 1572 devotae
850 1505 1002 1573 victimae
1025 1506 1215 1598 imaginem

164 1620 258 1710 gerit
275 1619 370 1688 haud
389 1618 586 1688 obscuram.

214 1733 273 1803 Ao
301 1735 431 1815 videte,
455 1756 561 1823 quam
592 1756 634 1802 ea
664 1756 719 1803 res
748 1735 852 1802 unice
878 1733 993 1802 valeat
1023 1735 1059 1801 in
1089 1736 1215 1805 animis

164 1849 339 1918 lectorum
383 1849 621 1918 conciliandis.
692 1849 836 1918 Etenim
875 1849 1095 1938 aliquantum
1139 1858 1215 1917 erat

163 1966 323 2056 periculi,
348 1988 393 2034 ne
419 1967 456 2034 in
474 1963 627 2034 Achillis
650 1987 798 2056 persona
820 1966 953 2033 tardius
976 1963 1095 2055 paullo
1119 1987 1215 2032 com-

162 2088 394 2149 moverentur
422 2078 593 2148 affectus:
628 2088 706 2147 turn
742 2080 835 2169 quod
871 2079 900 2146 is
934 2079 1142 2149 fortitudine
1176 2089 1213 2149 et

162 2195 295 2263 viribus
324 2193 529 2278 mortalium
559 2193 707 2261 modum
736 2194 825 2262 adeo
856 2203 1008 2283 superat,
1039 2202 1080 2263 ut
1114 2194 1212 2263 letho

163 2307 437 2399 vulneribusque
468 2309 528 2377 vix
562 2307 725 2375 videatur
740 2364 742 2368 .
758 2307 953 2376 obnoxius:
993 2317 1069 2376 tum
1106 2310 1212 2398 quod,

160 2425 336 2493 indomita
358 2426 433 2515 ejus
451 2425 510 2504 ira,
529 2430 606 2492 tota
628 2423 701 2491 fere
726 2421 839 2492 Iliade
861 2431 1039 2512 peccatur.
1085 2423 1212 2492 Utrin-

161 2562 230 2629 que
255 2539 391 2630 optimo
416 2537 562 2608 oonsilio
588 2538 753 2628 opposuit
775 2537 954 2605 Homerus
978 2536 1086 2617 illam,
1105 2561 1210 2628 quam

161 2655 322 2735 dicimus,
349 2655 473 2722 mortis
498 2655 702 2745 propinquae
734 2675 775 2721 ac
800 2653 952 2744 praevisae
980 2655 1209 2722 mentionem.

160 2768 252 2859 Ipsis
270 2776 367 2837 certe
383 2769 494 2837 initiis
512 2769 673 2836 infaustae
690 2769 759 2849 irae,

303 2887 440 2958 δακρύσας,
454 2890 550 2959 ἑτάρων
562 2888 635 2958 ἄφαρ
648 2888 717 2954 ἕζετο
730 2889 812 2957 νόσφι
823 2887 950 2949 λιασθείς,

302 2973 349 3028 θῖν’
362 2973 404 3045 ἔφ’
418 2973 482 3029 ἁλὸς
492 2976 593 3042 πολιῆς,
607 2976 689 3044 ὁρόων
701 2973 743 3026 ε’πὶ
756 2971 846 3027 οἴνοπα
858 2975 961 3026 πόντον.

300 3060 429 3114 πολλὰδὲ
441 3059 519 3128 μητρὶ
531 3057 600 3129 φίλῃ
613 3057 738 3127 ἠρήσατο,
751 3061 840 3127 χεῖρας
852 3056 966 3127 ὀρεγνύς

300 3148 389 3214 μῆτερ,
402 3144 458 3197 ἐπεί
469 3143 494 3213 μ’
508 3144 592 3200 ἔτεκές
603 3166 634 3215 γε
645 3143 808 3211 μινυνθάδιόν
819 3164 869 3211 περ
881 3142 964 3204 ε’όντα,

301 3230 375 3300 τιμήν
386 3230 434 3300 πέρ
446 3253 491 3299 μοι
503 3230 619 3300 ὄφελλεν
629 3228 771 3298 Ὀλύμπιος
784 3228 935 3299 ἐγγυαλίξαι
942 3236 960 3280 “,

157 3329 250 3396 Tum
268 3352 345 3418 quae
363 3329 505 3397 Thetidi
523 3329 675 3396 vicissim
696 3328 920 3396 tribuuntur:

299 3446 319 3499 d
330 3468 383 3515 μοι,
396 3447 484 3501 τέκνον
496 3447 565 3515 ἔρον,
578 3446 604 3499 τί
616 3444 645 3499 νύ
658 3445 683 3499 α’
697 3447 817 3515 ἔτρεφον,
831 3444 888 3497 αἰνὰ
899 3448 1025 3507 τεκοῦσα;

299 3532 348 3586 αἵθ
361 3533 458 3603 ὄφελες
469 3533 539 3602 παρὰ
552 3533 641 3599 νηυσὶν
653 3532 794 3599 ἀδάκρυτος
806 3531 847 3584 καὶ
859 3529 965 3598 ἀπήμων

298 3617 385 3686 ἧσθαι·
404 3616 460 3671 ἐπεὶ
472 3616 501 3671 νύ
513 3639 553 3670 τοι
565 3615 628 3671 αἶσα
639 3616 746 3685 μινυνθά
757 3637 816 3685 περ,
829 3618 883 3668 οὔτι
895 3617 966 3683 μάλα
979 3614 1032 3683 δήν

298 3701 377 3782 vind
389 3703 442 3774 ἅμα
453 3704 475 3757 τ’
489 3703 619 3774 ὠκύμορος
631 3704 672 3756 καὶ
685 3704 783 3772 ὀϊζυρὸς
794 3703 853 3772 περὶ
865 3703 966 3755 πάντων

298 3790 377 3842 ἔπλεο
386 3788 405 3842 ¹¹.

156 3894 277 3976 Quid?
311 3918 362 3975 ea,
391 3916 468 3983 quae
495 3895 602 3962 modo
626 3894 782 3973 audistis,
811 3892 855 3961 de
883 3891 1015 3983 duplici
1034 3891 1203 3960 Fatorum

156 4007 289 4085 ordine,
325 4016 493 4098 certoque
527 4009 603 4098 ejus
636 4007 745 4088 letho,
779 4007 815 4074 ni
849 4007 894 4073 ab
930 4004 997 4073 Ilio
1037 4005 1203 4086 discedat,

155 4144 275 4189 nonne
288 4123 451 4213 praeclare
463 4147 506 4193 eo
516 4131 677 4216 tempore
690 4123 916 4202 inducuntur,
927 4143 997 4210 quo
1008 4121 1038 4189 is
1049 4123 1203 4190 maximo

298 4272 313 4302 ²
331 4264 364 4318 Il.
377 4266 394 4318 i.
407 4282 468 4335 349.
944 4263 958 4300 b
971 4264 988 4315 i.
999 4279 1061 4328 414.
