2738 4866
154 312 224 374 aas
365 368 368 376 .
432 311 481 375 Dc
497 311 598 375 Lauta
612 313 769 396 Εηυονυνυ
784 311 929 376 Αοίιίίίίιζ
1055 335 1149 377 naun.
1161 337 1200 375 1x.

335 477 362 531 έν
374 479 474 545 κονίησι
485 480 612 533 πεσόντος
624 477 669 548 ὑφ’
677 476 803 547 ’Έκτορος
814 476 1000 548 ἀνδροφόνοιο.λ

334 561 350 629 ή
362 564 413 632 μὰν
425 563 586 632 Αὐτομέδων,
600 566 711 632 Διώρεος
723 564 831 632 ἄλκιμος
842 563 904 627 υἷος,

334 649 423 701 πολλὰ
434 648 481 716 μέν
492 649 525 716 tp
537 650 645 719 μάστιγι
655 649 701 717 θοῇ
715 649 847 717 ἐπεμαίετο
860 649 957 711 θείνων,

335 733 423 785 πολλὰ
436 733 464 786 δὲ
476 733 630 801 μειλιχίοισι
641 730 887 803 προσηύδα,·πολλδ
899 731 920 784 δ’
933 732 1015 802 ἀρειῇ·

312 862 316 870 ,
335 818 371 870 τὼ
384 817 405 871 δ’
418 817 470 871 οὔτ’
483 818 526 888 δή
539 819 581 871 ε’πὶ
594 822 654 886 νῆας
665 818 708 871 ε’πλ
719 819 819 871 πλατὺν
828 816 1026 886 Ἑλλήσποντον

335 900 458 970 ἠθελέτην
471 902 541 967 ἰέναι,
555 903 610 957 οὐτ’Ὶ
621 904 647 958 ές
658 906 773 972 πόλεμον
784 901 838 972 μετ’
850 903 993 974 Ἀχαίουςί·

162 1001 166 1011 “
213 1022 359 1093 Norunt
390 1025 641 1106 enimomnes
667 1027 766 1115 equis
791 1027 827 1095 id
853 1049 919 1095 usu
948 1028 1076 1109 venire,
1103 1029 1201 1096 utin

161 1160 290 1230 magna
331 1161 470 1228 quaque
508 1140 613 1208 turba
654 1162 695 1208 ac
734 1141 979 1231 trepidatione,
1013 1141 1127 1233 qualis
1164 1143 1202 1209 fit

162 1254 312 1322 incensis
330 1253 487 1335 stabulis,
505 1254 567 1322 fixi
586 1263 682 1322 stent
703 1277 842 1345 prorsus
865 1265 972 1346 atque
994 1256 1201 1326 immobiles.

163 1366 292 1458 Neque
310 1392 392 1438 vero
415 1369 474 1438 hie
498 1369 629 1439 locide
649 1379 814 1460 portento
837 1370 954 1462 aliquo
976 1372 1203 1463 cogitandum

161 1490 234 1551 est:
262 1484 339 1572 quis
360 1484 456 1552 enim
480 1484 604 1563 nescit,
628 1505 744 1566 canes,
762 1504 880 1573 equos,
899 1507 1030 1576 genera
1056 1506 1204 1573 quaeque

161 1595 400 1666 mansuetiora
425 1596 617 1666 bestiarum
648 1619 719 1664 non
746 1615 823 1665 raro
851 1598 1035 1666 nobiscum
1061 1599 1203 1678 sentire,

161 1710 289 1779 amisso
319 1712 514 1802 praesertim
549 1710 611 1780 illo
645 1711 705 1802 qui
739 1710 909 1802 pabulum
944 1712 1026 1781 dare
1062 1734 1205 1783 consue-

165 1824 288 1895 veratl

338 1919 408 1983 ἀλλ’,
421 1922 490 1975 ὥστε
503 1918 587 1988 στήλη
599 1919 669 1988 μένει
680 1921 799 1989 ἔμπεδον,
812 1920 849 1989 ἥτ’
861 1918 905 1975 ἐ’πλ
917 1921 1006 1995 τύμβῳ

290 2082 291 2086 ¹
338 2006 427 2074 ὅνερος
439 2005 542 2074 ἑστήκει
553 2005 703 2068 τεθνειότος,
715 2003 745 2074 ήέ
756 2008 883 2076 γυναικός.

214 2125 358 2197 Videtis
380 2125 495 2217 plane,
513 2125 781 2197 similitudinem
798 2129 904 2219 quaeri
926 2129 1030 2197 unice
1051 2127 1204 2198 habilem

164 2249 354 2331 aptamque
388 2241 610 2333 lugentibus:
654 2264 805 2333 quaeum
840 2242 931 2311 bene
965 2242 1043 2333 quis
1077 2243 1205 2332 poterit

164 2356 323 2425 conferre
357 2379 438 2446 quae
478 2379 626 2449 magnus
660 2356 721 2427 ille
756 2356 978 2448 Shaksperus
1014 2357 1125 2426 habet
1164 2357 1205 2426 de

165 2470 284 2562 puella
300 2472 414 2540 macie
431 2473 594 2540 confecta
604 2481 647 2542 ¹¹¹:

343 2653 578 2670 ..............
586 2615 659 2668 velut
670 2615 699 2667 in
710 2615 790 2668 tacito
803 2614 932 2668 Patientia
943 2615 1023 2668 busto

342 2701 486 2757 AEternum
498 2700 581 2763 sedet,
593 2708 724 2754 aeternum
735 2702 878 2771 tranquilla
889 2710 989 2764 tuetur,

341 2785 447 2855 Excipit
459 2795 485 2839 et
495 2785 599 2856 placido
613 2786 758 2839 Moerorem
769 2787 878 2840 lumine.

168 2873 256 2944 Haee
281 2874 361 2945 ille:
388 2877 445 2945 cui
469 2886 589 2946 tamen
614 2876 651 2943 in
678 2885 835 2945 mentem
857 2874 1049 2962 Homerica
1073 2876 1206 2945 venisse

166 3013 271 3059 nemo
306 2992 463 3060 omnium
492 2991 680 3081 judicabit.
743 2989 945 3080 Simplicius
979 2989 1136 3080 quidem,
1170 3012 1206 3057 ro

166 3104 242 3195 ipsa
257 3105 470 3196 postulante,
488 3104 687 3175 Homems:
705 3115 856 3196 uterque
873 3103 1044 3174 facultate
1057 3106 1206 3193 quadam

167 3220 331 3312 praeclara
364 3219 499 3312 (neque
534 3222 629 3290 enim
663 3228 776 3289 artem
811 3219 1024 3309 didicerant)
1060 3219 1206 3288 eandem

167 3335 358 3428 imaginem
384 3358 446 3427 pro
472 3359 510 3403 re
535 3344 619 3404 nata
645 3335 695 3404 sic
713 3332 870 3415 variavit,
892 3341 933 3402 ut
958 3332 1048 3401 nihil
1069 3333 1207 3426 elegan-

166 3449 248 3519 tius.
300 3447 372 3518 Sed
390 3451 434 3518 ad
452 3448 644 3518 Homerica
661 3456 896 3518 revertamur:

170 3565 175 3571 ἡ
343 3595 376 3650 ὣς
387 3594 464 3662 μένον
475 3593 627 3663 ἀσφαλέως,
639 3593 797 3662 περικιίλλεα
809 3593 904 3662 δίφρον
916 3593 1015 3662 ἔχοντε,

342 3680 411 3732 οὔδει
422 3678 608 3748 ἐνισκίμψαντε
621 3677 742 3747 καρήατα·
759 3676 856 3746 δάκρυα
868 3677 898 3729 δέ
909 3680 961 3747 σφι

343 3765 424 3836 θερμδ
436 3765 500 3817 κατὰ
510 3764 653 3835 βλεφάρων
664 3764 774 3833 χαμάδις
784 3763 828 3832 ῥέε
839 3762 1029 3832 μυρομένοισιν,

342 3848 457 3921 ἡνιόχοιο
468 3850 545 3917 ποθῇ’
565 3849 661 3919 θαλερὴ
674 3849 703 3902 δὲ
714 3849 828 3917 μιαίνετο
840 3847 926 3918 χαίτη,

344 3935 451 4006 ζεύγλης
464 3937 620 4006 ἐξεριποῦσα
631 3935 701 4005 παρὰ
714 3936 791 4005 ζυγὸν
802 3934 985 4004 ἀμφοτέρωσε.

343 4022 478 4091 μυρομένω
491 4021 513 4075 δ
527 4021 577 4092 ἄρα
589 4024 623 4075 τόν
635 4044 666 4092 γε
679 4021 741 4075 ἰδὼν
754 4020 849 4088 έλέησε
862 4020 986 4091 Κρονίων,

343 4105 449 4173 κινήσας
460 4108 489 4160 δέ
501 4109 574 4178 κάρη,
585 4108 662 4175 προτὶ
675 4106 704 4161 δν
716 4107 852 4176 μυθήσατο
864 4108 953 4175 θυμόν·

202 4271 412 4340 lll.1¹1vi'1.426.
731 4281 748 4304 ¹¹¹
769 4274 878 4340 lioelstlt
891 4273 984 4341 Niytt,
997 4275 1088 4328 Aetli.
1102 4294 1139 4328 sc.
1152 4296 1177 4341 4.
