2738 4866
162 365 256 419 rsus.
271 364 341 405 xrx.
487 341 669 426 ·AEscdyltta,
684 343 915 430 Peringratus.
1143 351 1208 414 345

162 511 277 603 Atqui
307 512 473 584 saevitum
501 522 587 595 erat,
617 536 689 582 non
713 521 877 596 utente,
906 515 944 583 in
971 513 1127 606 leporem
1154 516 1208 586 iu·
1244 541 1259 567 ·

162 627 320 708 noxium,
349 628 410 697 sed
439 627 478 696 in
502 629 681 719 rapacium
709 630 829 698 avium
858 630 974 710 foetus,
1005 629 1206 721 heresque:

163 743 291 811 videtis
322 749 443 811 tamen
471 741 662 812 infaustam
696 766 772 812 rem
800 743 934 825 haberi,
960 743 1071 813 immo
1098 745 1207 814 etiam
1249 724 1252 730 ¹

164 857 334 926 delictum
361 857 478 948 capite
507 857 689 940 luendum,
714 880 796 927 cum
822 857 945 927 avibus
975 858 1093 927 adsint
1132 881 1207 929 suae

163 971 267 1053 Dirae,
291 995 407 1064 neque
427 973 574 1064 impune
598 972 734 1044 laturus
751 975 797 1044 sit
814 972 940 1064 aliquis
957 975 1145 1046 commissa
1169 976 1207 1044 in

162 1109 220 1158 eas
237 1087 422 1158 maleficia.

211 1201 340 1293 Itaque
372 1200 428 1270 his
461 1200 561 1270 velut
590 1199 771 1292 praeludiis
799 1200 903 1293 fingit
928 1202 1069 1271 animos
1097 1204 1207 1274 tacite

161 1315 284 1396 Poeta,
314 1322 485 1406 tenetque
518 1323 672 1385 arrectos
701 1315 737 1383 in
772 1315 911 1386 tristem
937 1339 1120 1406 poenarum
1152 1341 1208 1388 or-

161 1433 289 1514 dinem,
318 1431 335 1523 j
390 1432 468 1522 jam
498 1430 762 1500 imminentium
788 1430 871 1501 binc
904 1431 1071 1522 Trojasnis
1109 1432 1206 1504 illinc

160 1543 264 1616 Atrei
298 1553 337 1616 et
366 1545 618 1637 Pelopidarum
645 1545 761 1614 domo.
813 1544 952 1616 Verum
986 1554 1070 1617 aute
1099 1569 1207 1638 quam

159 1662 203 1730 ad
238 1684 281 1730 ea
312 1661 587 1755 progrediamur,
629 1660 839 1752 paucissima
874 1667 957 1729 sunt
992 1683 1069 1751 quae
1111 1662 1207 1732 dicte

160 1774 278 1859 velim,
312 1777 357 1846 ad
391 1799 471 1846 eam
503 1785 641 1867 purtem
671 1775 819 1866 poeticae
852 1773 948 1845 silvae
981 1776 1205 1867 pertinentia,

159 1914 265 1984 quam
298 1912 363 1960 nos
389 1891 496 1960 modo
520 1891 728 1983 tetigimus:
767 1889 939 1959 rationem
967 1912 1096 1981 nempe
1126 1912 1206 1961 earn

159 2029 266 2098 quem
292 2013 489 2097 sequuntur
522 2005 642 2098 magni
671 2003 806 2085 Poetae,
838 2027 920 2073 cum
950 2004 995 2073 de
1021 2004 1205 2074 brutorum

158 2120 365 2216 animalium
385 2120 514 2200 indole,
536 2119 676 2201 affeetu,
698 2119 854 2188 moribus
874 2118 1001 2210 agitur.
1041 2117 1205 2211 AEschyli

156 2237 301 2327 quidem
330 2238 439 2306 nostri
476 2238 521 2306 de
553 2259 597 2306 ea
628 2257 667 2304 re
697 2235 911 2304 sententium
941 2242 1064 2303 notam
1097 2242 1206 2325 atquc

157 2359 378 2443 perspectam
414 2351 594 2432 habemus,
630 2350 804 2441 siquidem
846 2357 944 2419 recte
977 2372 999 2418 a
1033 2349 1205 2431 Cicerone

155 2466 367 2557 recepimus,
381 2466 482 2534 ilium
499 2487 570 2534 non
588 2465 694 2534 modo
713 2464 872 2546 Poetam‚
890 2465 953 2534 sed
971 2472 1008 2532 et
1026 2462 1206 2556 Pythago-

156 2589 279 2649 reum¹¹
296 2580 467 2649 extitisse.
520 2577 757 2671 Pythagoram
780 2585 902 2646 autem
926 2585 1056 2646 norunt
1082 2597 1204 2646 omnes

156 2693 208 2765 ita
232 2694 379 2763 sensisse
400 2693 445 2763 de
465 2693 660 2785 pecudibus
680 2701 718 2762 et
738 2692 830 2774 feris,
854 2699 895 2761 ut
920 2688 1106 2761 intervallo
1131 2712 1203 2759 non

155 2809 245 2879 adeo
279 2809 416 2902 ingenti
458 2815 657 2878 secerneret
691 2829 751 2877 eas
784 2808 829 2876 ab
867 2807 1024 2876 humano
1062 2826 1202 2896 genere.

155 2923 299 3015 Quippe
321 2925 453 2994 cumis
477 2924 538 2993 diu
557 2922 793 3012 multumque,
810 2929 851 2991 ut
874 2921 1071 3013 perhibent,
1094 2918 1203 2987 fuerit

156 3049 315 3108 versatus
334 3039 372 3106 in
394 3035 552 3118 Oriente,
570 3036 699 3104 mirum
722 3036 759 3104 ni
780 3057 859 3105 eam
876 3033 1033 3104 hauserit
1049 3030 1203 3123 philoso-

156 3151 287 3243 phiam,
305 3175 385 3243 quae
402 3157 510 3242 negat
532 3151 666 3220 animas
683 3147 741 3218 vel
760 3157 876 3217 morte
896 3146 1069 3238 extingui,
1086 3143 1144 3215 vel
1164 3144 1202 3214 in

155 3267 387 3357 sempiternus
407 3265 528 3334 statim
549 3264 700 3356 migrare
723 3265 842 3333 sedes:
881 3262 966 3354 quin
991 3259 1110 3353 potius
1133 3259 1202 3331 alia

156 3404 260 3472 super
293 3379 370 3450 aliis
399 3380 581 3449 moriendo
611 3379 708 3470 quasi
738 3379 885 3448 induere
914 3400 1068 3470 corpora,
1099 3376 1201 3447 etin

156 3519 264 3567 novas
280 3503 453 3588 perpetuo
470 3496 618 3564 transire
634 3496 781 3585 species,

331 3641 425 3694 Donec
437 3642 519 3710 longa
530 3638 587 3693 dies
599 3640 715 3709 perfecto
723 3638 853 3706 temporis
862 3637 931 3691 'orbe

330 3727 491 3781 Concretam
502 3727 598 3780 exemit
609 3725 705 3788 labn,
718 3740 869 3794 purumque
880 3722 986 3792 reliquit

330 3812 488 3868 AEthereum
501 3829 618 3874 sensum,
630 3819 710 3881 atque
721 3809 795 3865 aurai
805 3808 932 3878 simplicis
943 3808 1046 3878 ignem:

156 3944 233 4004 tum
259 3935 414 4014 demum,
432 3940 558 4002 exacta
582 3953 697 4022 poeua,
722 3929 759 3998 in
785 3951 950 4021 magnam
975 3928 1098 3996 mundi
1125 3930 1195 3999 ani-

155 4071 250 4119 mam
278 4048 537 4139 quodammodo
566 4036 753 4115 absorberi.
822 4041 958 4135 Atque
975 4064 1018 4111 ea
1045 4041 1198 4132 philoso-

155 4165 238 4259 phia
257 4165 341 4236 satis
361 4171 465 4234 acute
482 4162 597 4255 tangit
615 4162 701 4231 duas
721 4167 818 4230 certe
835 4160 1053 4251 questiones,
1072 4159 1198 4249 quibus

506 4339 518 4362 ¹¹
539 4332 613 4384 iisse.
630 4331 726 4390 Quart.
739 4330 757 4383 i.
773 4345 813 4383 ιο.
