2738 4866
223 312 267 375 82
397 312 591 398 »impiorum
604 322 702 378 ortem
716 313 822 377 culmis
838 314 988 378 Pudicam
1002 337 1067 380 esse.
1122 339 1215 383 rann.
1229 325 1274 381 111'.

224 485 295 556 tius
320 492 442 554 autem
460 507 536 576 quae
561 484 633 553 sint
655 505 829 575 expressae
852 485 1111 568 similitudines,
1130 510 1190 558 cas
1213 511 1276 580 per

223 601 356 694 ingenii
373 601 446 668 vim
464 599 614 669 vividius
632 598 785 690 suppleri
804 622 947 670 necesse
965 610 1030 670 est.

274 716 411 806 Itaque,
442 715 503 806 qui
532 737 595 784 suc
619 715 701 805 jure
732 713 928 805 sculptores
959 726 1042 785 sunt
1073 717 1275 808 appellandi

224 831 346 917 (mitto
380 830 476 900 enirn
509 831 647 899 odiosas
685 830 907 899 imitatorum
942 839 1112 914 catervas,
1147 834 1275 925 quibus

220 948 381 1040 profecto
398 945 466 1015 hoo
484 953 646 1037 tempore
664 944 764 1014 aiunt
781 945 1054 1037 pulcherrimam
1077 956 1192 1017 artem
1209 951 1275 1019 mi-

222 1086 298 1134 sere
322 1062 458 1152 vexari)
484 1062 545 1130 sed
572 1060 633 1152 qui
658 1061 798 1152 proprie
821 1083 974 1152 vereque
996 1062 1202 1154 Sculptorcs
1224 1065 1276 1133 di-

222 1188 360 1260 cuntur,
379 1176 500 1269 quales
517 1177 615 1246 fuere
632 1175 837 1246 Graecorum
854 1176 906 1246 illi
923 1179 1110 1270 principes,
1124 1202 1274 1270 quorum

223 1301 265 1363 ut
298 1293 492 1384 plurimum
522 1291 690 1360 interiere
716 1291 871 1374 nomina,
900 1271 1006 1383 opera
1036 1294 1073 1362 in
1102 1302 1274 1364 oeternum

221 1408 465 1490 celebrantur3
491 1407 533 1476 iis
550 1405 639 1475 nihil
660 1407 833 1477 attentius
851 1408 966 1476 caveri
984 1409 1085 1492 solet,
1104 1434 1211 1502 quarn
1229 1435 1273 1482 ne

222 1524 388 1616 cuiquam
410 1520 552 1591 molesti
575 1522 659 1604 sint,
678 1521 789 1590 nimio
807 1523 930 1593 'studio
947 1523 1111 1594 imitandi
1134 1529 1272 1612 omnia3

220 1662 267 1709 ne
290 1662 362 1708 non
389 1637 541 1731 plurima
564 1657 704 1728 semper
726 1636 865 1727 plenius
891 1638 1056 1730 fingenda
1074 1639 1273 1713 Phantasiae

221 1754 417 1824 remittant.
469 1750 566 1835 Quid
592 1751 770 1842 quaeritisl
801 1752 994 1844 simplicior
1019 1778 1074 1825 res
1099 1765 1164 1840 est,
1191 1768 1273 1829 eta

220 1868 425 1964 vulgaribus
442 1865 617 1937 illecebris
633 1851 813 1950 remotior,
831 1890 937 1958 quam
963 1893 1040 1960 quae
1061 1871 1168 1965 vulgo
1190 1876 1273 1944 satis

220 2008 285 2078 per
305 2007 343 2057 se
360 1983 500 2075 placere
517 1983 648 2085 possit:
676 1991 718 2051 ut
741 2006 846 2054 nemo
864 1984 968 2054 facile
987 1988 1130 2077 juvenis
1154 1990 1272 2059 studio

220 2110 259 2171 et
277 2122 397 2170 amore
410 2099 486 2191 ejus
504 2097 679 2180 efferatur,
698 2099 763 2168 nisi
781 2101 842 2190 qui
860 2100 906 2169 sit
927 2102 1044 2170 animo
1061 2103 1168 2194 paulo
1186 2104 1272 2172 vivi·

222 2216 330 2286 diore.
383 2213 455 2297 Qui
483 2221 605 2283 autem
633 2236 751 2296 manu,
777 2237 849 2284 non
875 2212 1040 2308 ingenio,
1053 2218 1271 2310 sculptorum

222 2331 364 2402 laudem
381 2331 447 2400 sibi
465 2330 657 2410 vindicant,
676 2351 737 2399 seu
755 2330 834 2420 quis
858 2353 980 2400 comm
998 2332 1119 2424 inepte
1139 2333 1273 2426 aliquid

222 2468 284 2516 seu
301 2447 435 2538 putide,
452 2452 495 2514 ut
511 2445 563 2526 fit,
581 2444 770 2535 aliquando
788 2447 993 2530 tentaverit,
1010 2448 1039 2517 is
1062 2447 1273 2542 plerumque

221 2562 326 2632 citius
361 2569 398 2632 et
427 2563 541 2632 acrius
571 2559 859 2653 reprehendetur,
891 2585 996 2653 quam
1032 2564 1061 2632 si
1095 2564 1273 2655 pictomm

221 2678 348 2770 aliquis
367 2678 405 2747 in
422 2679 546 2748 eadem
565 2698 705 2768 prorsus
724 2685 870 2768 peccata
894 2678 1077 2749 inciderit:
1105 2681 1273 2771 quoniam

221 2794 259 2865 in
275 2795 370 2864 nudo
388 2792 608 2886 simplicique
627 2815 712 2863 saxo
730 2815 813 2862 vera
830 2793 941 2864 totius
961 2794 1075 2885 operis
1092 2797 1184 2865 ratio
1201 2819 1271 2865 non

220 2917 340 3002 potest
364 2932 436 2978 non
461 2930 649 2999 apparere;
679 2906 879 2977 tabularum
909 2910 996 2979 vitia
1018 2933 1271 3002 nonnunquam

221 3024 350 3095 fallunt
373 3023 505 3105 oculoS,
526 3046 564 3093 re
587 3022 787 3115 multiplici,
806 3023 963 3093 colorum
982 3024 1189 3118 fulgoribus,
1208 3049 1269 3096 cae·

220 3142 306 3233 teris
324 3162 542 3212 summorum
559 3139 735 3209 artificum
752 3138 947 3231 praestigiis.

271 3255 360 3325 Haec
383 3256 456 3326 fere
479 3256 517 3324 in
541 3277 647 3324 causa
672 3275 749 3323 esse
775 3254 995 3336 crediderim,
1014 3278 1077 3324 cur
1093 3255 1188 3346 apud
1211 3278 1272 3325 eos

221 3372 282 3463 qui
312 3372 411 3464 signa
438 3371 656 3441 fabricantur
681 3369 835 3439 crebrior
860 3367 1015 3439 Poeticae
1043 3371 1181 3439 mentio
1209 3370 1272 3440 fiat

221 3509 327 3577 quem
347 3487 441 3577 apud
458 3508 519 3555 eos
536 3484 596 3576 qui
614 3482 753 3555 tabulas
771 3483 933 3576 pingunt.
986 3483 1074 3566 Quae
1092 3485 1212 3553 omnia
1229 3507 1271 3553 eo

221 3602 369 3672 tendere
390 3601 528 3682 videtis,
546 3607 587 3668 ut
605 3598 734 3669 Poesin
757 3599 859 3668 uobis
884 3606 1083 3668 monstrent
1110 3621 1271 3669 curarum

221 3717 384 3794 indicem,
397 3714 596 3784 Phantasiae
608 3713 855 3805 interpretem:
878 3711 982 3804 quale
996 3712 1150 3780 officium
1165 3713 1272 3805 signis

221 3831 292 3900 suis
322 3829 492 3920 siquando
522 3836 690 3920 praestant
716 3829 868 3897 artifices
894 3828 1075 3919 ejusmodi,
1106 3835 1185 3897 tum
1213 3829 1271 3897 de-

220 3968 320 4015 mum
338 3944 496 4016 Poeticae
513 3944 657 4013 nomine
675 3942 873 4013 laudantur.

271 4179 423 4248 Restant
454 4199 535 4246 cum
562 4176 781 4247 Architectis
810 4175 963 4245 Musici:
990 4196 1140 4264 quorum
1167 4196 1271 4265 opera

221 4317 303 4364 curn
329 4292 436 4362 latius
460 4290 575 4361 multo
593 4316 657 4383 per
674 4314 796 4361 omnes
819 4291 1003 4359 hominum
1027 4289 1168 4360 ordines
1193 4311 1271 4359 nos·
