2738 4866
216 305 280 368 112
307 304 370 383 Quo
379 303 606 367 consiliomoroe
614 301 941 386 mannicumbfinam
950 302 1079 367 Iliadis.
1101 325 1263 366 nannum.

215 483 278 545 aut
297 473 345 542 Di
363 473 491 565 Superi
517 481 579 541 aut
597 470 726 541 Manes
751 473 898 541 mittant
923 471 968 540 ad
991 471 1154 541 homines
1176 495 1266 542 nun·

215 590 317 668 tium,
352 587 454 656 illum
487 587 597 655 mutis
630 608 771 676 quoque
810 585 1020 655 animalibus
1060 593 1188 655 notum
1223 609 1264 656 ac

215 704 444 772 manifestum
464 702 551 770 lieri.
602 700 684 770 Hoc
705 703 739 769 in
760 701 939 771 viventem
952 699 1134 770 Achillem
1151 711 1264 771 trans·

215 818 299 887 tulit
317 818 506 898 Homerus,
523 825 565 885 ut
588 825 681 886 esset
703 817 833 886 indicio
857 816 1050 907 majestatis
1074 816 1262 908 plusquam

215 933 398 1003 humanae:
432 933 636 1025 gravissime
667 953 771 1011 sane;
805 954 929 1022 eoque,
957 939 999 1000 ut
1027 933 1161 1023 opinor,
1190 932 1265 1000 effi·

216 1051 342 1132 casius,
377 1049 471 1140 quod
505 1071 581 1118 rem
621 1047 727 1116 nullis
767 1047 950 1139 praestigiis
990 1055 1133 1117 auctam
1168 1049 1264 1118 nude

215 1174 357 1236 tantum
392 1172 430 1234 et
459 1174 580 1256 aperte
614 1163 788 1232 narravit:
826 1185 895 1252 quo
930 1162 1042 1232 ferme
1072 1163 1143 1232 ritu
1173 1163 1265 1233 solet

216 1277 376 1349 Historia
394 1278 634 1360 Sacrosancta,
653 1299 735 1346 cum
753 1276 798 1345 de
820 1277 998 1347 miraculis
1023 1300 1064 1347 ac
1089 1279 1264 1369 portentis

216 1395 344 1487 agitur.

266 1504 337 1575 Sed
367 1506 442 1575 haec
471 1506 653 1575 hactenus.
706 1505 815 1607 Nunc
842 1506 945 1575 venio
971 1505 1017 1576 ad
1044 1506 1143 1587 illud,
1168 1508 1263 1598 quod

212 1620 301 1690 mihi
323 1643 462 1712 semper
479 1623 593 1691 visum
621 1628 675 1691 est
699 1622 866 1711 exquisiti
886 1620 992 1712 plane
1009 1620 1136 1712 judicii
1154 1643 1263 1713 opus:

215 1735 309 1823 quod
326 1734 464 1825 placato
488 1737 596 1805 etiam
615 1734 768 1816 Achille,
787 1735 871 1804 data
893 1757 1000 1826 opera
1022 1734 1205 1805 differatur
1226 1736 1264 1804 in

215 1848 371 1941 longum,
397 1873 505 1941 seque
530 1851 642 1920 veluti
668 1857 844 1920 sustentet
868 1849 1020 1920 Fabula:
1058 1850 1152 1942 quod
1180 1855 1263 1920 eum

217 1963 330 2034 Poeta
355 1966 468 2049 tardo,
496 1989 565 2056 quo
593 1966 723 2047 decuit,
749 1966 899 2044 incessu,
929 1965 966 2032 in
997 1963 1125 2056 vulgus
1153 1973 1263 2056 atque

215 2078 254 2147 in
279 2101 419 2148 scenam
446 2062 637 2162 reduxerit,
655 2102 727 2149 non
753 2080 829 2149 sinc
853 2078 1084 2172 grandissimo
1102 2078 1263 2149 Deorum

216 2193 470 2285 hominumque
483 2202 663 2286 apparatu.
698 2194 803 2279 Quod
816 2197 971 2287 primum
983 2217 1047 2286 per
1059 2193 1263 2265 ὁπλοποιΐαν

212 2309 384 2406 effectum
408 2319 473 2381 est.
525 2310 655 2401 Neque
678 2311 774 2379 enim
798 2316 892 2380 esset
914 2310 1120 2391 audiendus,
1138 2311 1168 2379 si
1186 2312 1264 2402 quis

216 2425 452 2507 affirmaverit,
467 2426 665 2496 Homerum
680 2420 826 2497 ornandi
839 2433 980 2495 tantum
996 2424 1120 2518 gratia,
1131 2434 1170 2494 et
1188 2449 1265 2517 spe-

217 2542 311 2611 ciosa
332 2541 500 2611 miracula
523 2542 717 2633 promendi,
741 2539 925 2611 ἐπεισόδιον
947 2540 1041 2610 istud
1057 2543 1263 2611 attexuisse.

217 2653 312 2737 Quin
352 2655 509 2726 defessus
547 2656 711 2726 bellando
747 2658 885 2726 animus
918 2656 1047 2725 fruitur
1085 2655 1265 2747 paulisper

215 2773 414 2863 gratissima
447 2774 577 2864 requie,
613 2772 886 2863 contemplando
925 2772 1078 2863 primum
1106 2770 1263 2842 Vulcani

215 2886 323 2977 ipsius
347 2888 525 2969 fabricam,
544 2888 672 2957 deinde
698 2889 796 2979 quasi
822 2889 968 2978 picturae
993 2908 1105 2978 genus
1131 2888 1264 2956 eximie

216 3003 446 3093 tranquillum
472 3027 514 3073 ac
541 3003 735 3095 pastorale:
761 3012 931 3088 armenta,
954 3003 1084 3085 vineta,
1113 3011 1262 3095 segetes,

214 3119 380 3210 pecudes,
398 3128 521 3189 aratra.
566 3120 719 3188 Accedit
736 3119 830 3209 quod
847 3142 893 3187 ex
911 3141 1015 3189 sensu
1032 3119 1127 3189 illius
1144 3119 1261 3188 saeculi

215 3234 286 3303 suis
304 3236 446 3304 omnino
465 3236 610 3303 ornandi
634 3243 735 3303 erant
758 3236 875 3318 armis,
894 3256 981 3324 quos
1007 3257 1080 3304 sors
1098 3236 1263 3324 quaedam

215 3347 333 3417 fatalis
354 3348 535 3442 delegerat
558 3351 602 3418 de
620 3349 728 3441 vulgo
751 3349 946 3430 hominum,
964 3349 1008 3419 ad
1035 3350 1264 3440 exsequenda

214 3461 346 3550 majora
363 3462 543 3551 quaelibet.
596 3460 769 3552 Denique,
787 3464 824 3531 id
843 3464 935 3555 quod
952 3465 1049 3556 prius
1066 3466 1261 3558 attigimus,

213 3575 280 3644 hac
306 3577 341 3643 in
367 3585 478 3667 parte,
501 3576 600 3646 velut
626 3600 724 3647 sacra
750 3578 888 3661 ferenti,
909 3579 1042 3649 tardius
1067 3588 1144 3650 crat
1167 3582 1264 3650 ince-

214 3692 369 3761 dendum
400 3691 543 3774 Poetae3
581 3694 618 3761 in
652 3694 799 3763 minima
833 3717 972 3785 quaque
1005 3718 1044 3764 re
1076 3697 1262 3765 nectendae

212 3828 334 3876 morae:
353 3830 422 3898 quo
436 3829 519 3876 suus
529 3806 664 3877 Achilli
677 3817 855 3879 constaret
868 3809 990 3892 honos,
1003 3834 1072 3902 prae
1084 3810 1261 3880 Diomede

213 3928 251 3989 et
277 3918 558 4014 Agamemnone,
595 3925 800 4015 caeterisque
835 3948 985 4015 quorum
1021 3928 1066 3994 ad
1100 3924 1260 4017 praelium

213 4036 330 4104 exitus
347 4036 457 4106 semel
475 4037 675 4128 iterumque
693 4038 876 4128 splendide
893 4048 1089 4110 narrantur.

262 4147 319 4218 Ac
342 4152 461 4220 nescio
482 4174 527 4221 an
550 4153 691 4244 gravius
714 4175 755 4222 ac
778 4154 905 4224 melius
931 4155 968 4223 id
993 4155 1148 4224 officium
1174 4179 1259 4247 prae-

211 4265 342 4334 stiterit
381 4264 569 4347 Homerus,
610 4273 728 4357 quam'
750 4270 810 4358 qui
853 4291 934 4337 eum
974 4270 1158 4340 insecutus
1195 4266 1260 4352 cst,
