2738 4866
208 323 274 390 878
393 319 577 385 Cosmodroe
589 316 894 404 accomodata
908 315 1018 398 offeni.
1091 335 1188 379 rant.
1201 336 1257 376 xx·-

208 516 247 564 se
263 493 314 562 ait
331 489 542 562 calamitatis
559 512 630 560 nou
648 497 722 561 tam
735 510 810 559 suae
823 509 929 578 quarn
947 485 1100 562 universi
1118 483 1256 578 generis

208 601 400 678 humanil:
1184 614 1185 618 ’

418 744 449 797 ld
460 745 567 813 βρότεια
577 740 717 813 πράγματ’.
736 741 892 814 εὐτυχοῦντα
902 741 950 810 μὲν

419 831 481 885 σκιά
492 851 532 885 τις
542 829 574 884 ἂν
585 829 715 900 τρέψειεν·
734 826 758 880 εἴ
769 827 799 881 δὲ
810 828 946 897 δυστυχοῖ,

418 919 512 979 βολαῖς
522 916 670 988 ὑγρώσσων
681 916 800 986 σπόγγος
811 913 911 969 ὤλεσεν
922 913 1036 985 γραφήν.

418 1004 460 1057 καὶ
471 1001 541 1057 ταῦτ’
554 1001 656 1057 ἐκείνων
666 1002 768 1070 μᾶλλον
779 998 895 1072 οἰκτείρω
905 999 983 1055 πολά.

209 1149 403 1220 Profitetur
419 1147 565 1232 scilicet,
586 1149 803 1218 acerbiorem
820 1148 886 1217 sibi
903 1146 1013 1215 videri
1030 1168 1147 1238 poenae
1164 1144 1256 1215 caeli-

208 1272 266 1333 tus
293 1246 456 1334 immissae
482 1263 706 1345 oblivionem,
723 1286 830 1354 quam
848 1261 904 1331 vel
922 1261 1056 1331 Priami
1073 1259 1132 1330 vel
1149 1260 1253 1330 Pelo-

207 1380 369 1473 pidarum
394 1379 596 1449 infortunia.
647 1379 767 1472 Digna
792 1401 876 1449 sane
898 1379 1075 1449 sententia
1096 1401 1174 1468 quae
1195 1400 1253 1446 ve-

207 1497 283 1566 niat
300 1497 336 1565 in
353 1502 513 1565 mentem
530 1495 667 1565 nunciae
680 1502 718 1565 et
734 1495 918 1587 interpreti
933 1493 1094 1564 Deorum
1110 1495 1253 1564 immor·

207 1610 343 1681 talium.

255 1725 313 1795 Ac
331 1723 492 1818 perlegat
508 1724 634 1816 aliquis
652 1725 868 1796 oraculorem
887 1726 966 1815 'ejus
982 1746 1168 1806 summam,
1182 1745 1251 1814 quo
1332 1731 1337 1744 '

206 1840 350 1910 tandem
372 1840 495 1909 ordine
517 1840 612 1909 aliud
639 1863 744 1932 super
767 1840 847 1922 alio,
866 1841 948 1910 diris
965 1841 1064 1932 quasi
1086 1839 1252 1934 gradibus

205 1955 397 2048 ingeritur3
424 1955 590 2038 inveniet,
615 1957 652 2026 ni
679 1955 791 2040 fallor,
809 1955 957 2026 eandem
979 1956 1091 2025 ferme
1116 1957 1251 2035 seriem,

206 2093 276 2162 qua
287 2071 450 2140 novimus
462 2093 544 2140 usos
556 2071 771 2162 fuisseipsos
784 2071 1028 2141 vaticiniorum
1042 2070 1066 2140 J
1068 2071 1251 2140 udaeorum

205 2187 393 2256 antistites.
446 2185 564 2267 Initio,
582 2195 625 2256 ut
641 2188 806 2270 diximus,
823 2186 937 2257 altum
959 2187 1163 2268 silentium3
1193 2187 1252 2256 de·

205 2301 289 2371 inde
320 2301 468 2391 suspiria
496 2321 603 2382 mera,
632 2303 856 2395 gemitusque
889 2303 1042 2384 concisi3
1076 2324 1162 2371 mox
1192 2300 1252 2371 ab·

206 2425 318 2508 ruptoe
343 2417 441 2506 quasi
470 2416 650 2508 particulae
675 2426 835 2488 venturae
863 2417 991 2499 cladis;
1018 2417 1164 2486 tandem
1190 2417 1251 2487 ali-

206 2532 356 2622 quando,
389 2539 536 2623 pertaesa
559 2531 700 2615 silentii,
722 2556 796 2602 rem
819 2532 941 2624 aperit,
966 2534 1097 2603 crimen
1125 2536 1250 2625 primo,

206 2647 334 2716 deinde
351 2669 502 2738 poenam,
521 2647 636 2716 verbis
652 2648 792 2718 disertis
809 2648 922 2739 palam
943 2648 1132 2740 explicans.

258 2762 380 2832 Unum
398 2763 545 2844 addam;
571 2762 802 2832 Cassandram
828 2764 982 2856 auguriis
997 2787 1040 2832 eo
1056 2765 1132 2833 fien‘
1151 2767 1251 2835 terri-

207 2877 378 2958 biliorem,
396 2900 465 2968 quo
483 2877 591 2967 ipsius
612 2877 747 2946 indoles
766 2878 920 2946 tenerior
936 2879 982 2946 sit
999 2887 1036 2947 et
1053 2879 1098 2948 ad
1115 2881 1251 2949 miseri-

206 2993 360 3063 cordiam
378 2992 538 3083 pronior:
566 2991 705 3083 qualem
724 3016 802 3062 earn
822 2994 1063 3086 cognoscimus
1078 2994 1134 3063 vel
1152 3018 1251 3065 men-

206 3109 303 3177 tione
335 3107 501 3188 lusciniae,
527 3107 576 3196 (ἰώ
603 3107 730 3197 λιγείας
756 3108 860 3203 μόρον
886 3107 1042 3200 ἀηδόνος),
1071 3111 1127 3180 vel
1155 3111 1249 3182 dulci

205 3223 276 3304 illa,
295 3246 399 3314 quam
417 3245 481 3291 nos
498 3222 603 3291 modo
621 3224 817 3305 citavimus,
836 3226 1020 3306 sententia,
1035 3226 1250 3316 deplorantis

206 3339 430 3408 durissimum
456 3338 659 3407 mortalium
685 3339 853 3420 animum,
883 3363 989 3431 quem
1017 3364 1062 3409 ne
1089 3342 1250 3411 Deorum
1324 3357 1326 3360 ⁴

206 3453 347 3545 quidem
366 3475 478 3543 poenae
495 3451 600 3520 altius
615 3451 755 3521 valeant
773 3461 970 3543 penetrare;
989 3453 1045 3521 vel
1063 3456 1249 3546 praecipue,

205 3569 299 3659 quod
323 3569 359 3635 in
382 3568 530 3658 patriam
551 3590 705 3636 eversam
733 3576 840 3658 atque
861 3569 897 3636 in
923 3569 1096 3660 perditam
1116 3571 1249 3640 Priami

204 3685 350 3754 domurn
380 3690 565 3752 revocetur
594 3682 788 3753 identidem
819 3684 1000 3776 inexpleto
1025 3686 1134 3754 animi
1161 3687 1251 3756 desi-

204 3799 347 3881 derio⁰;

415 3918 445 3971 ld)
456 3920 542 3989 γάμοι,
554 3921 632 3991 γάμοι
716 3919 721 3929 ’

414 4006 536 4075 Πάριδος,
549 4006 663 4075 ὀλεθρίοι
675 4006 771 4077 φίλωνι

415 4091 444 4143 ἰὼ
457 4092 621 4161 Σκαμάνδρου
632 4092 740 4161 πατρίαν
751 4094 838 4146 πότον·

389 4191 398 4213 ⁸
414 4178 472 4229 τότε
485 4177 531 4245 μὲν
543 4178 610 4248 ἀμφὶ
624 4179 673 4233 σάς
684 4176 769 4246 ἠίονας
781 4175 877 4231 τάλαιν’

380 4342 394 4379 ‘l
412 4344 595 4415 Apam1298.
883 4352 893 4375 ¹
911 4343 977 4397 isid.
994 4360 1070 4414 1125.
