2738 4866
213 326 255 384 44
429 325 658 404 Confirmcutur
671 334 774 388 andro
788 325 1005 389 onAristototo.
1107 349 1202 389 rann.
1216 350 1258 389 1v.

213 489 376 559 remediis
400 491 487 559 scite
511 513 552 560 ac
575 500 741 580 potenter
760 492 814 559 uti
835 493 982 574 noverit,
1006 515 1089 561 eum
1113 494 1258 563 demum

213 614 250 675 et
269 629 344 675 esse
361 616 398 674 et
416 607 531 675 vocari
550 606 723 675 Poetam?

262 720 320 790 Ac
341 723 459 790 nescio
483 722 646 811 equidem
671 743 716 789 an
740 721 776 789 id
794 722 888 810 quod
906 723 1020 790 dicam
1044 721 1260 792 doctioribus

213 837 297 903 satis
328 836 473 927 probare
501 835 651 925 possim:
690 833 777 901 mihi
808 845 904 903 certe
935 858 1093 905 summus
1120 860 1260 928 quoque

212 949 272 1017 ille
295 949 457 1029 μιμησέως
483 957 607 1017 auctor
629 959 666 1016 et
683 948 845 1015 laudator
861 947 1083 1027 Aristoteles,
1102 949 1175 1018 talc
1198 951 1261 1020 ali-

212 1065 307 1153 quid,
325 1064 428 1154 quale
445 1086 520 1144 nos,
538 1062 729 1131 Poetarum
747 1062 933 1130 discrimen
955 1085 1145 1154 agnoscere
1162 1065 1259 1133 vide-

212 1187 281 1258 tur,
295 1200 365 1266 quo
384 1179 420 1244 in
438 1177 516 1245 loco
530 1177 720 1269 Tragoedus
738 1178 853 1257 docet,
871 1200 941 1266 qua
958 1177 1093 1245 ratione
1111 1177 1260 1248 affectus

211 1299 431 1359 moveantur.
482 1289 661 1370 Χειμαῖνει,
680 1292 806 1379 inquit,
824 1291 842 1357 ὁ
864 1287 1109 1384 χειμαζόμενος,
1127 1290 1180 1358 καὶ
1198 1321 1260 1384 χα-

304 1404 312 1430 Ι
393 1405 402 1428 C
448 1407 455 1430 ἱ
550 1403 558 1428 Ι
685 1405 693 1427 ἱ
808 1407 816 1427 Ι
986 1406 993 1429 3
1034 1404 1042 1428 Q
1099 1405 1107 1428 ἱ
1179 1412 1194 1427 n
1249 1409 1258 1432 ρ

210 1412 354 1472 λεπαινει
386 1434 404 1472 o
438 1402 651 1500 οργιζομενος
679 1408 920 1484 αληθινωτατα·
957 1403 985 1472 dr
1026 1434 1044 1472 ο
1076 1409 1209 1499 ευφυους
1242 1437 1259 1485 η

211 1523 362 1599 ποιητική
381 1520 482 1599 ἐστιν,
504 1519 522 1599 ’ἦ
539 1525 681 1600 μανικοῦ·
707 1519 833 1588 τούτων
855 1516 923 1612 ’γὰρ
941 1521 974 1586 οἱ
989 1517 1046 1599 μὲν
1063 1519 1259 1600 εὖπλαστοὶ,

211 1635 245 1700 οἱ
273 1631 299 1700 δ’
330 1633 520 1701 ἐκστατικοί
546 1635 657 1701 eiciat
710 1632 894 1714 Quaenam,
926 1632 1080 1714 obsecro,
1109 1634 1179 1702 alia
1209 1634 1260 1702 vis

211 1750 398 1817 verborum
416 1750 574 1828 istorum,
592 1753 735 1830 μανικοῦ,
752 1746 951 1827 ἐκστατικοὶ,
969 1769 1074 1837 quam
1095 1757 1137 1816 ut
1154 1749 1260 1817 altius

211 1864 378 1933 insedisse
397 1864 515 1932 animo
534 1862 751 1954 significetur
767 1862 939 1954 imagines
956 1862 1124 1951 quasdam
1141 1886 1260 1932 rerum

212 1977 496 2069 longinquarum,
518 2000 645 2068 easque
669 1985 731 2046 aut
754 1976 985 2065 contemplari
1002 1976 1174 2059 homines,
1198 1986 1260 2047 aut

211 2115 307 2183 aegro
324 2101 493 2181 tanquam
517 2114 635 2160 amore
656 2091 829 2182 prosequi,
848 2089 977 2159 oblitos
1000 2089 1103 2180 plane
1125 2114 1259 2174 eorum,

211 2231 292 2299 quae
323 2217 448 2298 praesto
477 2207 584 2277 sunt?
636 2206 704 2276 Illa
734 2216 853 2276 autern
882 2206 993 2275 altera
1021 2229 1090 2275 vox
1120 2208 1260 2302 εὐφυΐας,

211 2346 317 2413 quam
335 2332 418 2413 apte
436 2330 537 2390 notet
555 2322 773 2390 imitatorum
791 2343 914 2412 genus,
932 2321 1001 2389 huc
1019 2320 1104 2389 illuc
1128 2323 1261 2393 celeres

210 2438 345 2506 animos
378 2436 621 2516 dividentium,
653 2437 794 2527 ingenio
827 2435 971 2514 scilicet,
1002 2458 1074 2503 non
1108 2434 1260 2520 affectu3

211 2549 271 2617 vix
289 2550 356 2617 erit
374 2573 471 2640 opus,
491 2551 605 2629 credo,
624 2573 687 2618 cur
704 2551 924 2618 admoneam.

261 2663 367 2746 Quid,
386 2666 481 2754 quod
505 2664 644 2732 illorum
663 2666 781 2744 etiam,
800 2665 860 2754 qui
879 2665 1090 2734 carminibus
1111 2663 1261 2761 dependis

211 2779 296 2847 dant
320 2802 473 2869 operam,
496 2780 644 2848 eandem
666 2779 777 2848 ferme
803 2780 1029 2869 partitionem
1056 2780 1141 2849 facit
1166 2805 1261 2850 com-

210 2893 326 2960 munis
352 2892 537 2960 hominum
561 2916 631 2961 vox
659 2901 696 2960 et
722 2893 863 2984 opinio?
916 2892 1017 2962 Sicut
1044 2896 1149 2974 enim,
1177 2917 1258 2964 curn

210 3005 339 3074 fidibus
357 3014 530 3088 cantatur,
546 3007 605 3075 alii
623 3031 705 3076 cum
723 3031 841 3077 amore
859 3017 896 3077 et
914 3009 1031 3077 studio
1049 3007 1260 3089 auscultare,

211 3117 270 3186 alii
288 3141 334 3187 ex
352 3121 552 3210 praescripto
570 3121 730 3212 judicare
754 3121 878 3203 solent,
896 3131 934 3189 et
955 3120 1143 3189 formulam
1161 3120 1260 3210 quasi

210 3233 416 3323 popularem
435 3236 552 3324 sequi:
580 3236 630 3303 ita
649 3245 731 3304 suut
748 3238 807 3326 qui
830 3259 893 3304 sua
916 3243 1041 3326 sponte
1059 3234 1261 3303 dulcissima

211 3369 358 3436 quaeque
388 3359 553 3437 poemata
581 3350 757 3439 arripiant,
789 3351 848 3439 qui
879 3350 978 3417 velut
1008 3350 1152 3416 invento
1183 3347 1261 3415 the-

211 3483 314 3530 sauro
336 3462 500 3553 gestiant,
519 3465 578 3552 qui
603 3487 640 3532 se
664 3487 756 3533 nunc
776 3464 920 3532 demum
943 3463 1105 3531 incidisse
1130 3469 1261 3552 putent

211 3577 248 3643 in
268 3576 408 3645 unicum
430 3577 518 3646 illud
543 3579 651 3647 animi
675 3578 845 3660 levamen,
864 3577 1061 3667 laborisque
1079 3576 1133 3644 sui
1152 3575 1260 3644 fatale

211 3691 427 3760 remedium:
455 3704 537 3761 sunt
555 3694 673 3774 etiarn,
692 3694 787 3784 iique
805 3716 927 3761 vereor
944 3715 989 3760 ne
1007 3691 1164 3761 maxima
1180 3712 1261 3780 pars

182 3791 183 3794 ¹
211 3806 394 3873 hominum
419 3806 581 3888 evadant,
607 3808 734 3898 quibus
761 3809 811 3876 ita
837 3830 960 3877 suaves
988 3807 1059 3876 sint
1086 3803 1260 3885 versiculi,

211 3929 252 3988 ut
278 3920 381 3989 facile
410 3929 530 3991 tamen
554 3922 657 3992 Poesi
688 3932 840 3991 careant.
892 3921 974 3990 Jam
1000 3921 1067 3989 hoc
1098 3917 1260 3988 lectorum

211 4035 397 4103 discrimen
422 4059 466 4105 ex
492 4038 603 4107 altera
624 4047 724 4128 parte
748 4038 957 4128 respondere
979 4037 1040 4117 illi,
1058 4058 1129 4126 quo
1153 4034 1263 4126 scrip-

634 4301 647 4330 θ
666 4292 740 4346 Poet.
754 4310 777 4344 c.
791 4308 834 4361 30.
