2738 4866
184 353 280 397 rann.
295 353 364 396 xvr.
394 352 453 396 ooo
466 333 649 414 simfructu
662 354 721 397 aare
735 334 862 397 inciam
877 335 1027 399 emulari.
1168 338 1234 405 277

183 503 244 593 qui
262 502 431 595 legitimis
455 514 642 595 poetarum
666 505 848 574 ordinibus
871 513 976 572 erunt
997 505 1231 575 adscribendi:

183 619 244 707 qui
272 617 376 687 facile
403 618 519 689 ferant
549 642 612 690 sua
640 619 798 688 carmina
826 641 948 688 secum
977 621 1098 700 emori,
1124 622 1231 690 modo

183 733 384 803 viventibus
417 743 456 803 et
493 756 619 805 canere
652 734 809 816 licuerit,
837 742 875 803 et
911 756 1012 802 aures
1046 734 1229 832 hominum

182 851 345 919 canendo
359 849 495 920 fallere.

230 963 361 1056 Neque
391 988 474 1034 vero
501 965 538 1035 in
567 964 622 1035 his
647 965 752 1034 rebus
778 986 841 1033 sua
867 963 901 1030 vi
926 985 1067 1053 prorsus
1094 965 1229 1034 carebit

180 1078 243 1148 illa
259 1080 321 1149 fax
336 1079 569 1172 ingeniorum,
586 1102 795 1172 magnorum
813 1100 959 1168 operum
976 1076 1093 1159 altrix,
1105 1079 1232 1147 AEmu-

180 1194 280 1264 latio.
330 1194 457 1277 Erunt,
475 1196 592 1277 credo,
609 1217 701 1263 unus
719 1202 757 1262 et
773 1193 876 1276 alter,
893 1215 1023 1285 magno
1040 1202 1078 1262 et
1094 1193 1231 1264 fervido

179 1308 323 1401 ingenio
352 1309 427 1390 viri,
459 1332 547 1399 quos
573 1310 665 1378 adeo
694 1312 766 1376 non'
795 1307 926 1399 frigore
960 1307 1063 1375 feriet
1097 1307 1230 1378 eximia

179 1423 373 1512 priscorum
399 1424 657 1516 exemplarium
682 1422 919 1514 pulchritudo,
945 1431 987 1491 ut
1012 1422 1144 1515 stylum
1170 1446 1230 1493 eo·

179 1558 259 1605 rum
293 1541 406 1633 magis
439 1540 621 1634 magisque
654 1548 768 1621 acuat,
804 1539 948 1629 ipsaque
981 1538 1227 1629 magnitudine

181 1654 297 1744 operis
314 1676 414 1746 spem
430 1657 626 1725 confirmet.
678 1654 794 1723 Erunt
811 1654 955 1745 quidem
972 1653 1148 1734 rarissimi,
1167 1654 1228 1723 sed

178 1778 286 1839 erunt
308 1779 439 1841 tamen.
492 1770 623 1863 Neque
649 1771 744 1841 enim
770 1768 852 1839 solis
876 1769 912 1838 id
938 1768 1067 1838 accidit
1093 1767 1232 1839 bellicae

178 1883 303 1976 gloriae
328 1888 555 1966 amatoribus,
573 1895 615 1956 ut
640 1894 742 1978 parta
758 1907 779 1953 a
797 1883 964 1954 Miltiade
985 1892 1120 1975 tropaea
1136 1881 1229 1953 The-

178 1997 378 2068 mistoclem
404 2023 475 2068 non
502 2001 618 2069 sinant
648 2000 811 2068 dormire.
890 1997 1020 2089 Neque
1047 2000 1092 2068 ad
1120 1998 1227 2069 libros

177 2119 216 2180 et
233 2113 279 2181 ad
297 2112 374 2181 haec
393 2112 580 2183 Musarum
598 2114 690 2183 dona
707 2137 779 2183 non
795 2114 997 2205 pertinebit,
1015 2114 1120 2204 quale
1137 2114 1228 2184 refe-

177 2234 263 2294 runt
285 2226 433 2298 effatum
459 2229 632 2298 excidisse
655 2229 803 2320 principi
825 2229 983 2297 omnium
1002 2229 1146 2311 Pictori,
1165 2233 1225 2321 qui

175 2362 259 2409 cum
280 2350 373 2412 esset
396 2340 648 2413 Architectura
663 2366 804 2434 quoque
829 2342 967 2423 nobilis,
987 2343 1123 2424 Romae,
1142 2368 1226 2416 con-

176 2455 353 2547 templans
377 2480 553 2527 cameram
580 2457 704 2550 templi
729 2457 877 2549 alicujus
900 2458 945 2526 de
963 2460 1225 2543 vetustioribus,

176 2577 197 2608 ‘⁴
210 2568 341 2651 Bene,’'
374 2571 513 2661 inquit3
556 2580 624 2641 “at
656 2572 741 2664 quid
775 2573 804 2642 si
838 2571 1025 2663 aliquando
1059 2574 1224 2644 videbitis

175 2685 344 2756 fornicem
371 2687 490 2767 istum,
515 2711 596 2758 meo
623 2711 738 2779 opere,
764 2689 883 2758 medio
908 2689 1019 2758 ferme
1044 2690 1124 2759 aere
1149 2713 1224 2760 sus-

174 2801 332 2891 pendil'’
359 2800 403 2871 Id
420 2803 514 2893 quod
532 2804 686 2873 eundem
702 2804 850 2875 mirifice
868 2805 1074 2895 praestitisse
1091 2812 1226 2875 testan-

175 2923 244 2995 tur,
269 2924 311 2984 ut
336 2917 448 3000 aiunt,
474 2917 651 3009 laquearia
678 2918 715 2989 S.
734 2919 843 2989 Petri.
896 2918 1023 3011 Itaque
1049 2943 1121 2988 non
1147 2928 1225 2989 erat

173 3029 287 3100 inanis
303 3029 365 3100 illa
374 3032 534 3122 jactatio,
549 3035 610 3104 sed
624 3034 724 3104 fortis
737 3043 775 3104 et
793 3035 942 3104 honesta
952 3056 1022 3104 vox
1035 3035 1223 3127 magnifice

174 3144 220 3212 de
237 3166 284 3226 se,
298 3167 415 3236 neque
432 3153 554 3218 tamen
570 3171 766 3240 perperam,
784 3150 980 3220 sentientis.
1015 3149 1086 3219 Par
1101 3157 1170 3234 est,
1180 3159 1222 3221 ut

171 3258 210 3328 in
226 3282 266 3329 re
282 3282 423 3352 quoque
443 3262 583 3353 poetica
599 3262 671 3333 tale
693 3262 825 3355 aliquid
849 3264 1029 3334 interdum
1053 3273 1222 3356 putemus

169 3376 323 3445 evenire.
362 3375 468 3459 Quod
486 3379 624 3468 quoties
640 3379 788 3462 accidet,
807 3387 862 3450 tot
877 3382 1028 3451 edentur
1045 3381 1222 3472 exempla,

169 3490 299 3582 quibus
316 3491 545 3585 intelligatur,
559 3503 691 3585 quanto
709 3517 791 3564 cum
808 3496 902 3565 bono
920 3494 1072 3566 Poeseos
1090 3497 1223 3567 extite-

167 3607 240 3675 rint
256 3607 346 3676 adeo
363 3608 532 3699 praeclara
548 3610 624 3700 ejus
641 3609 752 3679 initia.

218 3720 330 3792 Porro
355 3725 478 3814 quanti
504 3724 540 3792 id
566 3724 642 3794 fore
672 3724 961 3808 existimabant
985 3725 1091 3816 pleno
1118 3726 1218 3816 quasi

164 3837 285 3906 animo
301 3837 545 3909 laborantibus
560 3846 692 3931 praesto
709 3839 781 3909 sint
798 3839 914 3922 verba,
934 3862 1047 3922 voces,
1065 3841 1218 3923 numeri,

164 3975 317 4044 qaorum
342 3976 410 4044 ope
435 3976 511 4024 sese
540 3956 733 4048 expediant
758 3978 803 4025 ex
830 3963 921 4026 aestu
942 3954 1004 4025 illo
1030 3954 1216 4047 cogitatio-

163 4089 250 4138 num
285 4077 324 4138 et
356 4068 573 4159 phantasiae!
635 4069 849 4162 Saepissime,
885 4072 1000 4154 oredo,
1034 4078 1221 4164 angrmtur·

160 4180 336 4275 ingeniosi
362 4183 533 4268 homines,
551 4187 647 4276 quod
672 4207 754 4255 cum
781 4187 877 4256 intus
902 4185 1058 4256 habeant
1082 4187 1211 4280 gravis

159 4296 266 4375 simas
299 4295 448 4368 fortasse
479 4321 535 4370 res
567 4306 605 4369 et
641 4298 757 4370 Musis
791 4300 1025 4392 dignissimas,
1053 4299 1213 4372 haereant
