2738 4866
170 333 261 375 rann.
274 333 339 374 xva
371 300 496 377 Dedisse
510 334 577 376 cam
591 315 741 398 comples
754 335 813 377 aon
826 315 896 377 solis
909 315 1021 378 Poeta.
1153 317 1217 381 273

170 478 278 571 longo
299 479 453 550 abfirisae
478 503 501 552 a
525 493 744 553 sacrosancta
773 484 953 576 religione.
1007 483 1104 554 Nam
1133 509 1216 576 quse

168 594 294 664 civitas
320 617 403 664 vere
428 617 471 666 ac
500 597 639 688 proprie
667 599 733 667 sibi
763 621 941 668 assumere
969 608 1108 689 poterat
1138 598 1216 668 Ho-

166 730 316 789 merum,
334 709 498 781 habitura
514 720 591 781 erat
601 713 683 803 jure
699 735 764 782 suo
781 712 956 804 templum
973 714 1059 803 ejus,
1078 715 1214 799 altaria,

166 824 407 907 ceremonias3
432 825 579 915 proinde
594 825 716 895 vfutura
732 835 808 896 erat
828 835 866 895 et
890 828 966 917 ipsa
983 837 1213 909 sacrosancta,

166 937 319 1032 νεωκόρος
335 939 596 1029 quodammodo
620 948 659 1009 et
683 939 830 1009 antistes
850 939 937 1029 ejus,
956 939 1032 1029 jam
1050 940 1087 1007 in
1105 938 1214 1009 Divo-

166 1076 245 1122 rum
263 1076 450 1122 numerum
469 1053 582 1122 relati.
628 1054 737 1138 Quid,
756 1055 850 1144 quod
869 1055 1024 1123 carmina
1043 1055 1119 1145 eim
1142 1078 1213 1124 non

166 1169 278 1239 semel
300 1171 459 1260 usurpari
484 1168 644 1262 legimus,
663 1171 723 1239 ubi
748 1171 793 1239 de
818 1170 946 1239 finibus
972 1180 1048 1239 erat
1073 1179 1213 1240 contro-

167 1285 289 1366 versia,
307 1292 475 1375 tanquam
494 1308 540 1354 ex
559 1287 698 1377 tripode
717 1286 892 1377 judicium
912 1285 1145 1376 proferentis?
1171 1297 1212 1355 ut

166 1399 260 1468 inter
284 1399 355 1470 alia
380 1401 498 1469 divina
523 1400 610 1470 illud
636 1402 746 1470 etiam
770 1400 919 1470 Homeri
946 1402 992 1471 sit
1020 1403 1211 1494 proprium

164 1514 260 1605 quod
278 1513 418 1584 oracula
434 1513 530 1605 loqui
547 1517 695 1584 noverit.

221 1625 364 1698 Videtis
397 1628 503 1698 aliem
536 1650 613 1699 esse
646 1628 842 1721 gloriolam,
875 1652 947 1720 qua
980 1630 1074 1698 inter
1107 1630 1212 1701 ludos

165 1739 342 1812 literarios
378 1743 597 1812 imitatorum
635 1751 784 1814 catervae
819 1764 967 1836 magnos
1004 1745 1096 1813 viros
1132 1767 1212 1835 pro-

163 1865 382 1947 sequuntur3
419 1857 529 1927 alium
562 1859 668 1952 longe
697 1859 835 1928 cultum
869 1859 980 1941 illum,
1006 1882 1077 1950 quo
1107 1881 1211 1928 suum

165 1969 366 2041 Homerum
401 1974 563 2044 universa
600 1974 877 2066 prosequebatur
909 1974 1054 2044 Graecia.
1125 1973 1210 2044 Non

164 2087 282 2157 minus
309 2088 462 2158 interse
486 2090 691 2170 distentae
717 2088 747 2157 si
773 2089 949 2180 fingamus
975 2088 1077 2158 alteri
1104 2111 1211 2181 gene-

162 2223 284 2271 rosum
301 2204 339 2271 in
350 2225 457 2273 venas
469 2204 665 2273 transfundi
677 2205 895 2296 sanguinem,
908 2204 1011 2273 alteri
1028 2206 1065 2273 in
1082 2204 1209 2274 faciem

161 2317 270 2385 modo
287 2317 443 2386 colorem
460 2317 551 2386 cutis
568 2317 725 2408 putidius
742 2316 842 2386 illini.
886 2317 1061 2388 Concesso
1078 2319 1208 2408 itaque,

161 2453 186 2500 a
211 2454 341 2524 magno
367 2452 508 2522 quoque
538 2431 650 2501 Poeta
679 2454 819 2522 semper
845 2432 920 2501 fore
949 2435 1084 2504 civibus
1118 2435 1209 2525 peri÷

162 2545 285 2614 culum
308 2545 524 2636 aliquodue
548 2546 586 2613 in
609 2544 845 2614 imitationem
872 2546 947 2635 ejus
972 2546 1154 2637 indignam
1171 2555 1209 2616 et

162 2661 310 2730 nimiam
337 2660 466 2730 abeant
496 2660 647 2751 posteri3
681 2666 820 2728 constat
848 2665 980 2740 tamen,
1006 2660 1043 2728 id
1068 2660 1105 2727 in
1132 2658 1208 2729 Ho-

160 2775 303 2845 mericis
318 2797 363 2844 eo
379 2776 496 2845 miuus
516 2775 748 2844 metuendum
766 2795 852 2852 esse,
871 2796 941 2864 quo
962 2772 1065 2842 illum
1088 2774 1207 2865 opinio

160 2890 324 2980 quaedam
345 2890 542 2959 sanctitatis
563 2911 668 2979 supra
683 2909 790 2957 omne
810 2910 882 2956 non
899 2887 978 2958 dico
996 2888 1206 2979 scriptorum

159 3003 224 3073 sed
241 3012 279 3073 et
296 3003 480 3073 hominum
497 3025 608 3096 genus
625 3002 807 3072 extulerit.

212 3118 387 3191 Praeterea
416 3120 655 3210 quarendum,
689 3140 735 3187 an
764 3140 866 3208 sapor
898 3116 960 3186 ille
994 3116 1206 3188 Homericus

159 3232 323 3303 infecerit
340 3232 492 3302 solutam
509 3231 711 3301 recentioris
724 3230 867 3299 Graecia
882 3229 1087 3311 orationem,
1101 3228 1205 3300 altius

160 3341 318 3429 fortasse,
341 3371 460 3438 squam
494 3348 587 3438 ipsos
625 3346 765 3416 Poetae.
826 3345 884 3415 Ex
917 3368 988 3436 quo
1022 3345 1204 3429 efficietur,

146 3446 268 3531 ¹animi
292 3485 363 3531 non
385 3462 492 3531 moris
515 3484 621 3531 causa
636 3462 780 3531 finxisse
798 3483 835 3530 se
852 3462 896 3530 ad
915 3459 1002 3530 illud
1023 3461 1205 3552 exemplar

158 3566 345 3646 homines}
361 3584 450 3658 tum,
467 3577 562 3666 quod
581 3576 800 3645 verissimum
819 3584 883 3656 est,
901 3574 1090 3645 Graiorum
1106 3577 1205 3668 inge-

157 3676 258 3759 nium
288 3691 407 3760 nescio
433 3692 611 3780 quomodo
640 3687 875 3783 ἇντιστρόφον
908 3712 984 3759 esse
1020 3688 1203 3759 Homerici

157 3803 251 3895 styli,
268 3813 306 3872 et
324 3827 406 3873 cum
423 3827 465 3873 eo
483 3804 631 3873 mirifice
648 3805 859 3874 consentire.
899 3803 983 3872 Jam
1000 3811 1041 3872 ut
1058 3811 1203 3872 caeteros

156 3924 306 3998 mecam,
332 3917 503 3988 habemus
529 3914 765 3999 Herodotum,
793 3917 965 3988 habemus
993 3917 1201 4000 Platonem

154 4053 307 4122 quorum
334 4033 426 4103 alter
456 4031 654 4102 Homerum
681 4033 789 4102 refert
816 4055 888 4103 non
913 4031 1035 4125 lingua
1060 4040 1201 4102 tentum

156 4145 288 4228 ionica,
312 4154 349 4216 et
374 4144 601 4238 simplicitate
621 4147 683 4216 illa
708 4146 958 4242 ἆρχαιοτρόπῳ,
976 4148 1037 4216 sed
1061 4156 1099 4216 et
1124 4147 1201 4216 uni-

155 4283 256 4332 verso
281 4282 411 4352 genere
436 4263 608 4343 narrandi,
629 4270 678 4331 et.
693 4263 848 4331 maxime
874 4263 1032 4331 omnium
1057 4269 1201 4354 propter

664 4397 686 4444 r
