2738 4866
162 354 254 394 rann.
267 353 312 394 x1.
331 331 403 418 Qua
413 328 446 392 οί
458 329 521 392 aiat
535 349 657 390 amena
670 328 812 411 qaedam
825 327 860 390 ιἰι
875 327 976 390 iacula
996 327 1122 390 Circaea.
1148 329 1211 390 185

165 503 326 585 insulam,
352 503 528 596 longaque
551 504 674 594 requie
696 511 797 572 erant
820 503 1023 572 reficiendi:
1049 504 1094 571 ad
1118 525 1213 571 eam-

164 643 230 710 que
247 620 404 689 invitans
429 619 532 689 Circe
559 617 797 688 dulcissimam
820 617 927 687 simul
952 618 1086 687 reditus
1112 640 1211 709 spem

165 736 363 805 insinuate:

303 876 392 946 μηκέτι
404 881 449 931 νῦν
460 877 571 947 θαλερόν
582 878 646 947 γόον
657 875 756 946 ὄρνυτε·
776 871 833 929 οἶδα
845 877 887 929 καί
899 876 972 945 αὐτὴ,

303 961 365 1031 ἤμέν
377 962 419 1018 ὄπ’
432 963 460 1018 έν
470 965 557 1036 πόντῳ
568 961 656 1016 πάθετ’
670 962 752 1033 ἄλγεα
762 962 899 1032 ἰχθυόεντι,

304 1047 343 1116 ἧδ’
356 1047 397 1104 ὄπ’
410 1049 528 1119 ἀνάρσιοι
540 1048 630 1117 ἄνδρες
642 1045 793 1116 ἐδηλήσαντ’
807 1047 849 1100 ε’πὶ
860 1046 970 1117 χέρσου.

303 1132 362 1187 ἀλλ’
375 1133 454 1205 ἄγετ’,
466 1133 567 1188 ἐσθίετε
578 1135 693 1202 βρώμην,
706 1133 747 1186 καί
759 1133 845 1186 πίνετε
857 1129 935 1196 οἶνον,

305 1217 405 1274 ε’ίσοκεν
416 1217 488 1275 αὖτις
500 1219 581 1288 θυμδν
593 1219 630 1274 ε’νί
642 1217 773 1286 οτῆθεσσι
785 1219 893 1286 λάβητε,

302 1303 357 1360 οἷον
368 1305 411 1359 ὅτε
419 1309 572 1384 πρώτιστον
583 1306 699 1359 ἐλείπετε
710 1306 822 1374 πατρίδα
833 1308 910 1376 γαῖαν

304 1393 423 1464 τρηχείης
434 1390 542 1460 Ἰθάκης.

168 1513 308 1584 Videtis
335 1535 424 1593 eam,
449 1522 490 1582 ut
516 1521 593 1584 erat
619 1521 787 1604 peracuto
813 1513 966 1604 ingenio,
992 1511 1084 1580 bene
1109 1534 1211 1580 nosse

166 1638 352 1698 nautarum
378 1637 543 1720 pectora3
569 1636 607 1697 et
633 1629 777 1696 omnino
804 1628 848 1696 de
874 1649 916 1696 ea
941 1650 1023 1696 vere
1053 1627 1122 1696 dici
1150 1650 1213 1717 po·

166 1745 273 1814 tuisse
292 1767 368 1833 quae
386 1745 431 1812 de
450 1742 580 1835 Ulysse
597 1744 765 1812 dicuntur
782 1743 817 1810 in
837 1742 961 1823 Iliade,

303 1891 365 1955 ἤπια
377 1885 454 1956 δηνεα
465 1883 534 1941 οίδεδ
537 1926 737 1941 ............

213 2009 391 2079 Caeterum
409 2032 487 2100 quae
508 2009 567 2077 isti
591 2008 719 2078 fabulae
743 2010 955 2078 intexuntur
980 2009 1025 2078 de
1051 2008 1210 2101 sylvestri

164 2123 224 2192 illa
241 2122 443 2204 solitudine,
461 2123 505 2191 de
526 2123 625 2191 fumo
649 2122 772 2214 procul
791 2123 865 2192 viso
889 2146 994 2214 super
1018 2123 1209 2203 arboribue,

164 2238 207 2305 de
226 2261 311 2306 voce
334 2239 443 2327 ipsius
460 2237 564 2308 Divae
588 2238 633 2307 ad
660 2237 769 2306 telam
791 2247 915 2330 argute
940 2238 1109 2319 canentis,
1128 2261 1208 2308 cnm

162 2376 226 2444 per
250 2375 288 2422 se
313 2352 549 2444 pulcherrima
566 2362 658 2435 sunt,
677 2361 755 2421 tum
777 2353 822 2422 ad
844 2353 911 2422 hoc
934 2355 1047 2444 perite
1073 2377 1211 2423 accom-

162 2466 362 2547 modantur,
378 2474 419 2535 ut
441 2467 570 2535 acriter
592 2466 762 2556 cujusque
785 2466 943 2535 animum
961 2466 1149 2535 intendant
1172 2467 1210 2534 in

162 2583 308 2650 domum
326 2579 566 2672 longinquam,
584 2581 775 2672 dulcesque
792 2580 954 2650 liberoso.

303 2708 382 2776 ἔστην
393 2708 430 2770 dl,
443 2707 553 2776 σκοπιῆν
565 2708 592 2764 ε’ς
602 2711 802 2763 παιπαλόεσσαν
813 2708 938 2773 άνελθων,

302 2794 345 2846 καί
355 2815 399 2861 μοι
411 2794 514 2848 εἐίσατο
526 2796 620 2849 καπνὸς
632 2795 682 2848 ἀπδ
694 2794 789 2864 χθονὸς
800 2795 945 2865 εὐρυοδείης

304 2880 399 2948 Κίρκης
410 2880 438 2933 έν
448 2881 595 2951 μεγάροισι,
608 2881 650 2933 διὰ
662 2881 746 2950 δρυμὰ
757 2882 838 2935 πυκνὰ
851 2884 892 2935 καὶ
903 2881 994 2950 ὕλην.
1007 2924 1013 2936 .
1024 2924 1030 2936 .

301 2963 380 3017 ἔσταν
392 2961 414 3016 δ’
427 2962 454 3017 ε’ν
464 2963 620 3034 προθύροισι
632 2965 692 3020 θεᾶς
704 2968 934 3036 καλλιπλοκάμοιο,

303 3049 397 3118 Κίρκης
409 3048 431 3102 δ’
444 3051 517 3103 ἔνδον
528 3050 621 3104 ἄκουον
632 3049 768 3120 ἀειδούσης
782 3052 827 3105 ὀπὶ
839 3055 932 3121 καλῇ..
944 3093 967 3107 ..

301 3139 371 3189 τοῖσι
383 3136 411 3189 δὲ
422 3134 510 3204 μάθον
521 3135 585 3208 ἦρχε
597 3138 737 3206 Πολίτης..
749 3179 755 3192 .
767 3180 772 3192 .

302 3221 322 3275 ό)
333 3222 419 3292 φίλοι,
432 3223 505 3277 ἔνδον
516 3225 566 3294 γάρ
579 3246 617 3279 τις
629 3224 781 3294 ε’ποιχομένη
794 3224 876 3295 μέγαν
886 3223 961 3280 ἴστον

300 3310 379 3363 καλὸν
391 3309 506 3373 ἀοιδιάει,
519 3309 629 3364 δάπεδον
641 3309 663 3364 δ’
676 3311 743 3364 άπαν
754 3310 941 3380 ἀμφιμέμυκεν,

299 3392 314 3460 ἤ
327 3393 385 3449 θεὸς
397 3391 426 3462 ipe*
437 3393 500 3465 γυνή
503 3434 890 3450 .......................

160 3499 298 3570 Verum
316 3500 353 3569 in
370 3501 424 3570 his
442 3524 484 3570 eo
502 3524 580 3570 sum
598 3502 742 3591 parcior,
760 3503 927 3593 quoniam
945 3525 988 3572 ea
1008 3525 1137 3594 magna
1160 3528 1206 3574 ex

158 3624 259 3705 parte
287 3617 502 3686 conveniunt
532 3639 612 3684 cum
643 3617 783 3707 pictura
817 3618 976 3686 omnium
1007 3618 1207 3708 exquisitis·

158 3729 255 3810 sima,
274 3752 344 3821 qua
361 3731 563 3822 depingitur
579 3752 704 3799 nemus
722 3738 759 3798 et
776 3739 918 3799 antrum
936 3729 1107 3822 Calypsus
1115 3725 1141 3796 (ί.

299 3856 359 3910 ἀλλ’
373 3856 417 3911 ὅτε
428 3857 459 3926 δῆ
472 3857 517 3926 τὴν
529 3861 610 3926 νῆσον
621 3856 729 3927 ἀφίκετο
741 3857 830 3924 τηλόθ
844 3857 948 3921 έοῦσαν,

299 3940 350 3996 ἔνθ
364 3942 392 3994 ἐκ
403 3944 499 3996 πόντου
510 3943 560 4006 βὰς
573 3941 678 3996 ἰοειδέος
689 3942 822 4011 ἤπειρόνδε

299 4031 360 4095 ἤιεν,
373 4027 444 4098 ὄφρα
455 4027 522 4098 μέγα
534 4027 615 4082 σπέος
626 4025 704 4089 ίκετο,
717 4030 753 4098 τῷ
766 4027 804 4080 ένί
816 4025 914 4132 Nippur]

297 4116 365 4167 ναῖεν
377 4114 544 4182 ἐϋπλόκαμος·
564 4113 610 4180 τὴν
622 4112 644 4166 δ’
656 4111 743 4166 ἔνδοθι
755 4112 846 4180 τέτμεν
858 4130 960 4167 εουσαν·

156 4312 356 4381 “Oti-¹457·
423 4309 533 4365 bll.iv.
547 4312 607 4380 361.
675 4311 1017 4377 00d.x.158,220,226.
1090 4310 1144 4363 dv.
1158 4325 1202 4378 55.
