2738 4866
212 305 277 367 852
408 300 550 384 AEsedylo
565 321 621 363 οαο
634 298 830 374 mmmm,
845 319 902 362 οοα
913 299 981 363 Dei.
1094 320 1260 362 anunm.

215 497 287 544 uon
313 495 454 565 prorsus
482 472 578 543 aliud
613 478 715 542 sonet
749 478 856 562 atque
889 468 1037 540 effatum
1065 469 1157 540 illud
1185 493 1262 542 vere

214 586 374 656 divinum
385 599 399 637 ⁸
412 608 420 656 τ

249 744 528 815 &admirationum
542 744 583 798 καὶ
594 743 714 797 ἀπώλετο
726 745 741 796 ὅ
753 741 860 811 ἀσεβής·

248 833 279 886 τὸ
291 831 371 901 ὄνομα
381 831 465 885 αὐτῶν
476 827 619 900 ε’ξὴλειψιιε
630 829 667 886 εἷς
678 830 723 885 τὸν
735 827 813 884 οῙῶνα
825 830 867 882 καὶ
878 829 914 886 εἶτ
925 831 971 885 τὸν
982 831 1062 884 αἰῶνα
1073 833 1121 884 τοῦ
1133 829 1231 886 αἰῶνος·

248 920 295 971 τοῦ
307 915 404 986 ἕχθροα
415 913 549 983 itidemne
560 915 586 967 ui
597 912 724 984 ῥομφαῖαι
736 913 773 968 εἷς
784 916 868 978 relos,

248 1002 291 1056 καὶ
301 1003 391 1058 πόλεις
402 999 527 1054 καθεῖλεν·
546 997 665 1053 &natm
676 998 707 1053 τὸ
718 1001 883 1068 μνημόσυνον
893 1000 976 1055 αι’ντῶν
988 999 1042 1070 μετ’
1056 1003 1148 1072 ἤχους·

249 1087 291 1142 καὶ
303 1090 318 1141 d
330 1093 449 1140 ΚΥΡΙΟΣ
462 1085 644 1143 deflentem
655 1088 734 1154 μενεῖ·

248 1174 389 1244 ἡτοίμασεν
401 1172 428 1226 ἒν
440 1171 524 1242 κρίσει
536 1172 582 1225 τὸν
593 1171 686 1241 θρόνον
698 1171 785 1225 αὐτοῦ·

250 1261 292 1313 καὶ
303 1259 380 1314 οὗτὸς
391 1259 471 1327 κρινεῖ
482 1256 528 1324 τὴν
540 1256 688 1326 οἰκουμένην
699 1257 727 1311 ἐν
738 1254 896 1325 δικαιοσύνῃ,

250 1347 330 1416 κρινεῖ
340 1343 419 1400 λαοὺς
431 1343 459 1398 ἒν
470 1341 598 1411 εὔθύτητι.

265 1482 396 1573 Neque
430 1503 513 1551 vero
549 1504 622 1550 nen
663 1481 701 1550 id
735 1480 919 1550 sanctioris
954 1479 1136 1563 doetrinae,
1172 1484 1263 1574 quod

213 1599 375 1691 proximo
399 1596 478 1666 loeo
506 1597 684 1677 doeemur,
708 1596 866 1666 adhiberi
894 1618 915 1666 a
943 1618 1083 1666 summo
1111 1597 1264 1669 Rectene

214 1712 435 1783 calamitates
457 1712 567 1782 etiam
590 1712 628 1781 iu
650 1712 847 1781 animarum
870 1711 1131 1803 purgationem,
1160 1722 1264 1805 atque

213 1827 251 1895 iu
268 1827 436 1897 vitiorum
452 1828 662 1915 remedium.
713 1826 738 1897 J
740 1848 843 1897 ovem
861 1827 957 1896 euim
974 1825 1098 1897 laudat
1116 1829 1228 1911 nobis,

354 1990 401 2044 τὸν
411 1991 518 2061 φρονεῖν
528 1988 640 2059 βροτοὺς
651 1988 796 2052 ὁθωσάντα,
805 1989 851 2043 τὸν
862 1987 938 2042 πείθει
949 1987 1031 2056 μάθος
1065 2025 1068 2030 -

355 2074 432 2130 θέντα
443 2075 536 2148 κυρίως
546 2077 624 2146 ἔχειν.

216 2211 321 2304 Ergo,
357 2213 386 2282 ei
421 2212 628 2306 AEsehylum
671 2210 866 2293 audiemus,
901 2234 973 2280 non
1011 2233 1105 2282 eaeee
1149 2216 1264 2286 neseio

215 2349 286 2417 quo
309 2349 427 2396 rerum
449 2329 604 2423 ipsarum
621 2347 698 2395 sese
720 2325 961 2396 evolventium
984 2326 1055 2408 filo,
1073 2328 1137 2398 sed
1158 2331 1264 2422 ipsius

216 2439 285 2510 Dei
312 2440 491 2511 liberrima
526 2440 712 2510 voluntate
747 2462 789 2516 ,ae
829 2441 909 2534 lege
947 2442 1083 2512 fautum
1121 2454 1186 2528 est,
1225 2456 1264 2516 ut

215 2578 354 2648 semper
370 2556 504 2647 aliquid
520 2555 688 2648 patiendo
701 2555 923 2625 addiscerent
942 2558 1114 2628 homines.

356 2717 445 2783 στάζει
458 2715 480 2770 θ’
494 2717 521 2769 ἐν
533 2714 555 2770 θ
568 2715 639 2789 ὕπνῳ
651 2716 703 2786 πρὸ
713 2716 817 2786 καρδίας

356 2802 527 2874 μνησιπήμων
537 2805 625 2866 πόνος,
639 2803 679 2857 καὶ
691 2801 750 2873 παρ’
764 2803 870 2859 ἄκοντας
881 2800 946 2871 ἦλθε
958 2806 1116 2875 σωφρονεῖν.

216 2939 413 3031 Exquisite,
448 2948 490 3010 ut
523 2940 611 3009 mihi
647 2940 791 3031 quidem
825 2940 977 3024 videtur,
1019 2941 1122 3032 ponit
1163 2942 1264 3011 nebis

215 3056 324 3125 tacita
344 3056 567 3126 eonscientiae
591 3056 814 3137 documenta,
836 3055 935 3146 quasi
957 3078 1073 3125 rerem
1095 3056 1141 3126 de
1164 3058 1262 3140 coeln,

214 3170 370 3240 stillare:
414 3170 532 3261 qualia
565 3170 602 3238 in
636 3172 781 3240 somniis
815 3193 954 3262 quoque
993 3171 1111 3241 adsint
1145 3195 1262 3241 eoram

214 3283 352 3353 solicita
379 3283 548 3377 vigilique
575 3294 707 3354 mente.
760 3285 955 3367 Postremo,
984 3286 1115 3355 necui
1143 3288 1262 3355 veniat

213 3397 251 3466 in
284 3407 453 3481 mentem,
491 3401 724 3492 cogitationes
759 3423 817 3470 eas
860 3408 986 3492 sponte
1020 3401 1113 3481 oriri,
1151 3399 1261 3482 nullo,

214 3513 308 3603 quod
336 3514 449 3583 sciant
476 3515 646 3597 homines,
674 3537 881 3606 superorum
906 3515 1062 3599 auxili0;
1094 3538 1140 3586 en
1168 3516 1262 3586 elau-

214 3626 326 3697 sulam
345 3627 532 3697 dulcedine
550 3653 591 3698 ae
608 3629 743 3721 pietate
761 3628 927 3720 plenam!

496 3775 622 3843 δαιμόνων
631 3773 661 3828 δέ
665 3764 722 3829 ’που
733 3771 808 3845 χάρις
819 3772 913 3838 βίαιος,

495 3861 581 3929 σελμὰ
594 3862 689 3929 σεμνὸν
700 3859 806 3935 ἡμένων.

213 3983 270 4055 Aa
292 3984 411 4054 nescio
436 4008 481 4054 an
507 4007 612 4054 nemo
633 4005 774 4077 prorsus
801 3982 985 4066 Ethnieus‚
1006 3991 1158 4075 excepto
1185 3983 1262 4052 AEs-

213 4099 326 4192 chqu
354 4099 554 4189 pervenerit
588 4099 624 4168 in
656 4122 737 4168 eum
772 4106 1001 4168 sacrosanctas
1028 4097 1261 4190 philosophiae

632 4302 643 4329 ⁸
661 4294 759 4349 Paulm.
773 4293 809 4346 ix.
823 4305 849 4358 5.
