2738 4866
163 311 227 379 176
422 309 539 392 Πόρος-ις
553 318 581 371 at
598 309 748 393 Οαίρρςιιι
762 309 947 394 οοίάιηιιίιιοι.
1058 333 1155 373 rann.
1170 334 1212 374 xr.

162 481 243 549 odio
271 479 515 571 pugnantium.
568 476 662 547 Sane
696 479 764 546 ista
798 479 1038 570 cogitantibus
1073 481 1212 571 dignior

161 601 307 685 apparet
325 593 385 683 qui
404 591 483 661 Deo
497 592 637 661 vindice
654 590 813 661 solvatur
830 592 953 673 nodus,
972 592 1099 685 Ulysse
1116 595 1210 686 apud

161 709 309 779 insulam
330 709 489 776 detento.

212 823 350 894 Verum
385 821 429 890 ad
465 822 580 911 ipsum
620 821 816 902 redeamus,
851 831 889 890 et
926 823 1211 914 contemplemur

161 938 403 1006 suavissimam
415 933 581 1029 ὀαριστὺν,
595 934 801 1026 Nympham
814 945 851 1006 et
867 935 991 1006 Heroa
1003 938 1069 1007 sibi
1084 947 1209 1006 mutuo

162 1043 421 1119 valedicentesh
435 1072 442 1117 :

301 1176 420 1248 Δισγένες
432 1179 582 1246 Λαερτιάδη,
594 1178 755 1249 πολυμήχαν’
766 1179 907 1244 Ὀδυσσεῦ,

299 1261 366 1316 οὕτω
379 1262 409 1330 δὴ
422 1259 520 1316 οἶκσνδε
532 1263 614 1333 φίλην
626 1264 653 1320 ές
663 1265 775 1334 πατρίδα
786 1269 861 1336 γαῖαν

300 1350 389 1401 αὔτικα
401 1351 445 1402 νῦν
457 1348 556 1404 ε’θελεις
567 1349 645 1412 lirun
666 1352 701 1403 σὺ
712 1350 740 1403 δὲ
753 1353 828 1420 χαῖρε
842 1352 882 1404 καὶ
894 1352 983 1421 ἔμπης.

299 1431 353 1504 ε’ίγε
364 1433 411 1502 μέν
422 1434 513 1503 εἰδείης
525 1439 591 1504 σῇσι
603 1437 709 1507 φρεσὶν,
722 1435 794 1491 ὅσσα
805 1459 845 1490 τοι
857 1435 920 1492 αἶσα

301 1517 368 1587 κήδε’
380 1519 536 1588 ἀναπλῆσαι,
549 1521 610 1591 πρὶν
621 1522 733 1592 πατρίδα
744 1525 820 1593 γαῖαν
833 1522 943 1586 ἱκέσθαι,

299 1605 389 1658 ἔνθαδε
401 1605 423 1658 κ’
435 1605 493 1660 αὖθι
505 1606 587 1675 μένων
598 1606 658 1676 παρ’
672 1607 729 1677 ἐμοὶ
741 1608 800 1662 τόδε
813 1608 885 1676 δῶμα
896 1610 1059 1679 φυλάσσοις,

300 1689 427 1748 ἀθάνατός
438 1690 460 1744 τ’
473 1690 533 1759 ε’ίης,
547 1694 707 1762 ἱμειρόμενός
718 1715 767 1763 περ
780 1691 883 1746 ἰδέσθαι

301 1777 351 1845 σὴν
363 1777 470 1848 ἄλοχον,
483 1781 528 1847 τῆς
539 1779 593 1832 αἰὲν
605 1778 705 1832 ἐέλδεαι
717 1782 800 1848 η’μστα
811 1779 902 1833 πάντα.

301 1864 332 1917 οὗ
344 1864 391 1933 μέν
403 1865 450 1932 θην
462 1865 543 1931 κείνης
554 1886 586 1935 γε
597 1865 705 1935 χερείων
717 1867 824 1934 εὔχομαι
836 1861 908 1928 εἶναι,

299 1951 330 2003 οὗ
343 1951 428 2019 δέμας,
441 1951 500 2004 οὐδὲ
512 1948 590 2021 φυήν
610 1951 665 2004 ἕπει
678 1953 770 2012 οὔπως,
784 1949 843 2003 οὐδέ
856 1950 936 2004 ἔοικεν

300 2035 393 2104 θνητὰς
404 2036 545 2104 ἀθανάτῃσι
557 2035 636 2105 δέμας
647 2037 688 2088 καί
701 2032 769 2091 εἶδος
782 2036 881 2105 ἐρίζειν.

335 2121 382 2190 τὴν
393 2121 415 2175 δ’
429 2121 633 2191 ἀπαμειβόμενος
643 2120 768 2192 προσέφη
780 2120 923 2191 πολύμητις
933 2121 1091 2178 Ὀδυσσεύς·

299 2209 390 2261 πότνια
402 2208 456 2271 θέα,
468 2207 503 2277 μή
515 2230 559 2277 μοι
571 2209 632 2262 τόδε
644 2211 722 2278 χόιεσ·
742 2205 800 2262 οἰδα
812 2208 853 2262 καὶ
865 2209 941 2264 αὐτὸς
986 2207 988 2210 ’

299 2293 381 2348 πάντα
392 2292 462 2363 μάλ’,
475 2293 564 2348 οὕνεκα
577 2297 634 2348 σεῖο
645 2295 781 2365 περίφρων
793 2297 955 2363 Πηνελόπεια

300 2377 368 2436 εἶδος
378 2381 525 2452 ἀκιδνοτέρη
537 2381 646 2452 μέγεθός
657 2380 679 2434 τ’
693 2381 729 2436 εἰς
740 2381 803 2435 άντα
815 2381 924 2436 ἰδέσθαι·

299 2466 314 2534 ἡ
326 2467 434 2538 μὲνγὰρ
446 2470 541 2536 βροτός
553 2468 620 2531 ἐστι,
633 2468 668 2522 σὺ
680 2466 702 2521 δ’
716 2466 840 2523 ἀθάνατος
851 2469 893 2521 καὶ
902 2467 1011 2538 ἀγήρως·

299 2553 368 2606 ἀλλά
380 2554 421 2605 καί
434 2555 468 2608 ὣς
479 2554 560 2607 έθελω
572 2555 613 2606 καί
626 2553 751 2622 ἐέλδομαι
763 2557 846 2623 ἤματα
857 2555 941 2608 πάντα

300 2637 387 2692 οἴκαδέ
397 2637 418 2693 τ’
432 2639 574 2708 ἐλθέμεναι,
588 2641 629 2692 καὶ
641 2642 765 2709 νόστιμον
776 2639 844 2710 ἦμαρ
856 2640 966 2694 ἰδέσθαι.

160 2777 251 2847 Haeo
276 2779 341 2847 etsi
366 2776 528 2846 omnibus
550 2778 621 2845 sint
644 2779 679 2845 in
705 2800 775 2861 ore,
793 2786 914 2846 tamen
932 2801 974 2848 ea
991 2802 1086 2848 nuno
1108 2800 1203 2869 repe-

159 2895 268 2962 tenda
283 2865 450 2984 judicavi,
469 2901 655 2982 propterea
673 2895 767 2984 quod
792 2893 842 2961 nil
860 2894 1107 2963 vehementius
1128 2917 1203 2985 per-

159 3007 250 3076 tinet
275 3007 319 3075 ad
346 3007 421 3086 ἧθος
449 3007 600 3075 universi
628 3006 741 3097 operis
768 3006 1026 3077 declarandum.
1085 3007 1202 3076 Primo

159 3123 440 3203 animadvertite,
458 3145 564 3213 quam
588 3121 724 3202 leniter,
747 3145 922 3214 quamque
945 3124 1099 3216 benigne
1125 3125 1203 3192 abe·

159 3243 282 3304 uatem
301 3235 451 3327 Calypso
469 3235 688 3326 alloquatur:
716 3259 784 3328 qua
802 3236 838 3304 in
856 3260 893 3304 re
910 3236 1069 3327 plerique
1087 3245 1201 3328 poetae

158 3372 230 3417 non
270 3351 464 3420 medioeres
507 3351 662 3420 excitare
701 3350 815 3419 solent
858 3352 989 3433 turbas,
1024 3351 1200 3421 Didonem

157 3464 310 3557 aliquam
328 3467 438 3546 nauti,
454 3467 527 3534 sive
547 3466 727 3548 Medeam,
741 3491 818 3558 quae
835 3468 975 3537 deserta
991 3468 1200 3538 elamoribus

158 3579 286 3649 eoelum
317 3590 517 3672 terramque
551 3581 708 3651 misceat.
761 3581 832 3652 Sed
868 3582 1049 3653 Homerus
1084 3584 1201 3653 dedita

157 3719 263 3786 opera
280 3696 434 3766 declinat
451 3698 639 3766 amatorios
657 3699 743 3767 istos
761 3699 909 3780 furores3
928 3701 963 3768 id
982 3701 1078 3790 quod
1097 3699 1199 3768 velim

156 3811 265 3880 etiam
279 3821 385 3903 atque
399 3813 507 3881 etiam
522 3813 754 3894 considerent,
771 3815 897 3906 quibus
911 3815 1059 3906 poeticae
1073 3815 1199 3908 frigent

156 3926 292 4008 fabulae,
311 3928 462 4019 demptis
480 3929 674 3997 amantium
693 3929 876 4018 colloquiis
894 3940 931 3998 et
948 3934 1185 4021 querimoniis.

207 4039 381 4109 Praeterea
409 4065 488 4122 non,
520 4053 561 4109 ut
593 4041 770 4111 Didonem
801 4054 864 4113 aut
894 4045 1077 4125 Medeam,
1108 4047 1198 4137 prius

156 4152 346 4224 delenitam
377 4156 471 4224 ultro
500 4157 663 4226 destituit
692 4157 846 4249 Ulysses.
899 4161 996 4243 Quin
1023 4162 1108 4229 totis
1133 4160 1197 4228 illis

575 4305 589 4342 h
610 4301 663 4355 Od.
677 4321 703 4355 v.
718 4319 777 4371 203.
