2738 4866
159 310 180 374 6
469 311 518 372 De
532 331 588 372 nau
602 309 733 392 Linque
747 308 871 370 Latine
1078 329 1183 386 marr„¹
1191 329 1212 368 ι,

161 478 236 546 ὅτε
256 475 401 571 ἄπειρος,
417 478 509 546 ἔστιν
535 477 555 545 ἃ
583 476 635 545 καὶ
658 471 912 571 πλεονάζεσθαι.
964 481 1074 558 Unus,
1092 477 1211 557 erede,

160 594 455 683 exquisitissimus
482 593 544 662 ille
576 593 652 661 “de
681 592 788 662 Sacra
815 591 1046 661 Hebraeorum
1073 591 1211 662 Poesi''

160 709 301 779 libellus
319 710 457 779 Latinis
482 709 595 778 literis
618 731 721 778 suum
739 708 855 777 locum
882 710 975 799 apud
999 730 1064 776 nos
1085 708 1211 776 diutis-

160 825 248 894 sime
278 825 479 894 vindicabit.
533 824 727 914 Nunquam
752 823 939 914 poenitebit
964 823 1113 892 istarum
1140 823 1212 893 ele-

158 941 379 1032 gantiarum:
423 962 604 1029 nunquam
639 960 709 1006 non
745 938 877 1006 eximio
903 939 1056 1028 quodam
1090 938 1211 1007 favore

159 1077 238 1123 eam
257 1056 425 1124 doctrinae
442 1062 580 1145 partem
599 1075 860 1144 prosequemur,
879 1076 956 1143 quae
973 1052 1084 1121 talem
1107 1053 1210 1122 nobis

160 1169 315 1258 palmam
334 1170 515 1236 meruerit.
613 1235 615 1240 .

210 1284 314 1366 Quod
333 1307 416 1352 vero
438 1283 482 1352 ad
507 1291 620 1351 artem
644 1283 756 1372 ipsam
778 1285 929 1365 attinet3
956 1284 1106 1375 primum
1132 1285 1208 1374 qui-

159 1398 240 1467 dem
265 1420 478 1491 magnopere
501 1397 708 1477 cavendum,
726 1399 856 1487 nequid
875 1399 931 1467 vel
957 1401 1042 1467 artis
1068 1421 1208 1489 promo-

160 1512 284 1582 vendae
310 1513 429 1581 studio
459 1524 594 1581 temere
625 1535 780 1602 unquam
808 1535 829 1580 a
854 1513 956 1583 nobis
986 1514 1206 1592 admittatur,

158 1629 251 1717 quod
271 1639 332 1696 aut
357 1628 494 1720 legibus
512 1627 728 1707 Academiae,
746 1639 808 1696 aut
829 1629 916 1696 mori
942 1630 1127 1719 majorum,
1146 1636 1206 1697 aut

159 1742 259 1812 Illius
290 1744 442 1833 denique
471 1743 551 1813 Viri
581 1741 728 1810 consilio
757 1751 942 1832 repugnet,
973 1745 1032 1832 qui
1061 1744 1205 1833 primus,

158 1882 228 1948 qua
258 1867 333 1928 erat
361 1859 593 1936 humanitate,
615 1856 798 1925 Poeticam
824 1857 891 1926 hoc
918 1881 1065 1927 munere
1091 1860 1205 1928 ornari

158 1975 282 2043 voluit.

223 2087 362 2156 Deinde
396 2088 490 2156 haud
522 2088 593 2154 scio
623 2110 667 2154 an
701 2089 921 2156 commodius
952 2089 1133 2179 aliquanto
1163 2092 1207 2158 de

157 2226 196 2271 re
217 2204 356 2294 poetica
377 2203 516 2270 dicatur
537 2201 642 2269 hodie
665 2201 793 2271 Latina
813 2203 934 2295 lingua
957 2227 1062 2294 quam
1083 2207 1208 2295 patria.

158 2318 334 2408 Equidem
361 2341 432 2386 non
456 2319 667 2408 negaverim,
692 2319 728 2386 id
750 2321 842 2408 quod
869 2321 966 2388 omni
989 2321 1099 2389 ferme
1122 2323 1210 2391 hora

156 2436 311 2526 graviter
338 2444 445 2524 atque
473 2434 598 2501 acerbe
627 2434 711 2514 fero,
735 2436 919 2525 comprimi
948 2439 1208 2526 quodammodo

158 2558 195 2618 et
232 2548 423 2639 constringi
458 2550 614 2615 innatam
646 2549 928 2639 qualemcunque
962 2552 1093 2642 ingenii
1126 2555 1208 2633 vini,

158 2664 306 2733 obtundi
330 2663 582 2742 inventionem,
601 2672 678 2731 toto
696 2664 814 2731 animo
833 2664 999 2756 languere
1020 2688 1084 2734 nos
1105 2668 1210 2736 citius

158 2791 194 2848 et
222 2780 383 2870 fatigari3
410 2780 446 2846 in
471 2801 513 2846 eo
539 2779 681 2847 demum
709 2779 864 2869 periculo
888 2782 1028 2864 versari,
1052 2804 1097 2849 ne
1121 2783 1207 2849 dum

157 2896 264 2964 verba
294 2918 335 2963 ac
366 2893 539 2962 clausulas
567 2917 748 2974 venamur,
775 2896 858 2962 dum
890 2898 977 2965 scite
1007 2897 1138 2986 aliquid
1166 2922 1208 2966 ac

160 3009 288 3078 Latine
315 3007 501 3089 efferimus
525 3011 569 3077 ab
595 3011 670 3099 ipsa
695 3033 810 3077 rerum
838 3012 987 3080 veritate
1013 3015 1210 3085 recedatur.

159 3125 253 3194 Sunt
288 3147 330 3192 ea
364 3146 468 3192 sane:
510 3147 579 3191 non
618 3134 737 3192 tamen
776 3126 907 3194 idcirco
942 3129 1133 3218 quidquam
1172 3131 1208 3197 in

157 3245 223 3314 hac
250 3267 287 3312 re
312 3245 491 3310 immutari
523 3243 639 3321 velim,
668 3265 710 3309 eo
741 3244 834 3332 quod
861 3245 905 3313 ab
936 3245 1080 3314 adversa
1108 3257 1209 3336 parte

157 3359 316 3451 graviora
346 3358 508 3446 quaedam
540 3357 725 3424 imminere
755 3358 916 3439 arbitror,
947 3361 1129 3452 magisque
1164 3362 1209 3431 ab

156 3474 211 3542 his
238 3471 353 3541 aliena
379 3472 513 3540 studiis.
567 3470 710 3561 Nempe
737 3495 779 3540 eo
799 3472 875 3561 jam
902 3497 956 3542 res
986 3476 1139 3555 devenit,
1166 3484 1208 3544 ut

157 3590 193 3656 in
224 3586 438 3656 carminibus
468 3587 641 3677 fingendis
676 3586 763 3654 nihil
796 3587 869 3655 fere
903 3612 1006 3680 agere
1037 3591 1209 3669 videatur,

158 3704 217 3794 qni
245 3725 315 3770 non
340 3701 519 3790 perpetuis
537 3703 633 3789 quasi
659 3699 852 3769 luminibus
870 3702 990 3771 oculos
1013 3703 1207 3795 legentium

159 3818 400 3907 praestringere
422 3816 570 3882 noverit.
623 3815 719 3882 Nihil
731 3816 814 3904 jam·
825 3838 940 3904 grave,
960 3818 1122 3907 simplem
1141 3822 1211 3889 sin-

159 3951 302 4008 cerum;
329 3928 488 4017 inquieta
506 3929 635 4007 omnia,
654 3937 691 3996 et
709 3951 798 4019 vaga
814 3938 851 3996 et
867 3930 1016 4011 turbida,
1030 3955 1075 4001 ne
1094 3934 1208 4002 dicam

159 4043 356 4135 prodigiosa
385 4051 422 4109 et
452 4043 630 4122 immania,
659 4051 815 4132 crepant.
872 4043 1023 4113 Cantare
1050 4049 1210 4118 crederes

159 4159 340 4250 imperitos
362 4157 546 4246 puerulos;
573 4158 699 4246 quibus
722 4158 757 4226 id
783 4159 906 4237 solum,
929 4162 1133 4230 enitendum
1160 4167 1211 4232 vi-

162 4277 274 4351 detur,
298 4277 339 4337 nt
366 4292 504 4338 summa
532 4272 680 4360 quisque
711 4295 794 4340 voce
822 4283 962 4354 cantet;
996 4299 1099 4365 quam
1128 4302 1212 4346 con-
