2738 4866
332 1724 737 1872 annnomo
772 1786 1043 1871 DECIMA.
1095 1858 1098 1864 .
1154 1720 1204 1745 ⁷

159 2279 202 2343 De
222 2281 368 2342 Homericis
379 2282 548 2352 judicaturus
567 2283 640 2337 debet
659 2283 747 2352 primo
770 2299 813 2336 res
834 2281 988 2344 Orimtclcc
1008 2279 1101 2335 dante
1123 2295 1204 2332 morer

194 2369 342 2437 agrestium,
354 2369 491 2440 ditipcnter
502 2371 650 2440 inspectore.
675 2369 807 2422 Probatur
819 2376 872 2427 tom
880 2367 1019 2441 impiatum
1031 2367 1139 2429 delectu,
1152 2372 1202 2417 tum

192 2471 285 2522 parm
308 2454 418 2520 dicendi,
440 2456 535 2510 Iliadis
555 2456 707 2526 scriptorem
725 2456 806 2525 episse
826 2457 906 2510 vitum
923 2455 970 2508 sub
990 2455 1043 2519 dio,
1060 2460 1086 2508 ct
1103 2451 1202 2522 eperum

147 2554 169 2598 ’.
195 2541 304 2611 quidam·
339 2543 463 2609 Qttidsit,
477 2544 643 2614 quodpuerio
656 2543 833 2613 cdeoplcceat
845 2539 985 2596 Homerus.

248 2761 471 2837 ΙΠΟΝΙΑΜ
487 2764 524 2833 id
544 2764 790 2855 hoc'tempcre
814 2763 1043 2855 suscepimus,
1061 2770 1104 2831 ut
1124 2783 1200 2832 eam

214 2950 217 2955 .
276 2880 555 2972 expenderemus
582 2879 765 2949 Homerici
794 2879 1036 2947 instrumenti*
1054 2885 1201 2969 partem,

160 3020 241 3088 quae
258 3004 337 3066 tum
362 2996 407 3067 ad
432 2995 603 3088 imagines
628 2996 774 3065 ornandi
799 2995 912 3086 gratia
936 3005 1107 3085 sumptas,
1126 3003 1201 3063 tum

159 3112 206 3190 ad
221 3134 333 3204 genus
346 3111 489 3181 *dicendi
510 3111 684 3201 pertinet:
711 3134 782 3179 non
803 3111 865 3180 abs
885 3132 923 3178 re
941 3109 1016 3179 fore
1035 3109 1201 3201 judicavi,

158 3223 376 3310 Academici,
394 3229 424 3298 si
447 3228 569 3319 paucis
595 3226 701 3297 hodie
721 3228 877 3309 doceam,
895 3226 1023 3317 quibus
1048 3226 1203 3295 maxime

159 3341 322 3418 subsidiis
334 3367 418 3415 usus
433 3344 566 3436 poterit
582 3343 661 3434 quis
675 3342 824 3413 Homeri
841 3364 1029 3434 personam
1045 3342 1201 3423 induere,

136 3452 147 3460 '⁸
158 3477 266 3548 seque
283 3457 388 3550 plane
404 3482 488 3528 eum
504 3481 582 3543 esse
598 3459 742 3553 fingere.
1255 3542 1259 3548 Ι

209 3572 364 3656 Etenim,
395 3573 504 3666 (quod
532 3584 615 3645 ante
641 3598 712 3644 non
740 3573 850 3644 semel
876 3571 1038 3663 audistis)
1067 3568 1204 3640 facilius

158 3711 196 3759 se
225 3691 374 3781 posteris
401 3691 652 3760 commendant
681 3691 741 3781 qui
775 3713 864 3771 rura,
895 3689 1019 3769 otium,
1050 3686 1201 3767 umbras,

157 3827 293 3875 amores
323 3805 522 3876 celebrant:
559 3806 620 3875 sed
648 3815 786 3876 mutata
815 3806 956 3897 penitus
983 3804 1127 3872 vivendi
1151 3825 1202 3872 ra-

157 3919 264 4001 tione,
286 3942 409 3990 vercor
433 3944 478 3990 ne
504 3922 632 4014 frigere
657 3921 803 4013 incipiat
829 3929 1014 3991 actuosum
1040 3920 1141 4002 illud,
1162 3941 1201 3988 ac

157 4035 324 4117 vividum,
339 4059 379 4106 ac
397 4037 533 4107 curiose
551 4046 729 4108 moratum
749 4059 872 4130 genus.
907 4035 1033 4126 quue
1052 4035 1203 4104 divinior

157 4147 337 4221 Homerus
363 4161 501 4222 noster:
529 4153 589 4244 qui
615 4176 696 4223 cum
723 4161 821 4224 totus
846 4153 883 4220 in
909 4174 951 4222 eo
976 4173 1110 4244 genere
1128 4173 1202 4220 ver·

155 4272 263 4350 setur,
290 4267 378 4336 nulli
404 4277 525 4338 tamen
551 4268 681 4338 saeculo
707 4292 778 4338 non
803 4266 1001 4336 carissimus
1029 4266 1199 4335 extiterit.
