2738 4866
157 317 224 382 272
275 315 411 378 Veterum
425 315 461 378 de
477 315 794 377 Honestumne
808 311 985 379 amimam.
1033 335 1129 376 aaut.
1142 337 1205 376 xm.

160 476 329 556 liciorum,
348 476 516 544 festorum
534 475 687 555 dierum3
708 497 779 564 quo
797 474 884 542 nibil
895 475 1090 565 jucundius
1108 497 1206 544 aures

159 591 264 661 ferire
298 589 426 681 potuit,
461 589 565 657 rudes
599 589 742 679 quidem
776 588 863 670 illas,
899 589 959 658 sed
996 589 1205 681 religionum

159 706 388 797 plenissimas.

209 820 347 911 Itaque,
388 829 429 888 ut
471 827 598 888 caetera
638 828 788 902 taceam,
831 819 958 908 quibus
996 820 1026 888 is
1065 819 1204 910 egregie

158 943 382 1026 comparatus
412 941 488 1003 erat
511 935 554 1003 ad
580 933 807 1002 deleniendos
833 933 1021 1003 Graiorum
1048 934 1202 1015 animos3

159 1050 213 1118 vel
243 1050 409 1140 quoniam
436 1049 521 1139 ipse,
551 1056 705 1138 quantus
727 1056 894 1138 quantus,
918 1047 1006 1116 nihil
1033 1057 1111 1117 erat
1140 1049 1203 1118 nisi

159 1163 347 1233 Graiorum
374 1160 547 1244 alumnus,
572 1184 688 1253 neque
714 1185 861 1254 usquam
887 1162 993 1254 louge
1011 1172 1161 1255 vagatur
1182 1186 1202 1231 a

157 1279 282 1369 patriae
317 1277 512 1358 limitibus3
554 1277 610 1346 vel
645 1279 812 1367 quoniam
842 1278 974 1368 ubique
1004 1277 1122 1370 tangit
1151 1297 1202 1344 res

158 1394 266 1461 etiam
285 1391 391 1483 vulgo
417 1413 488 1459 non
514 1392 657 1482 penitus
681 1392 830 1483 ignotas,
857 1391 1026 1472 locorum,
1052 1392 1200 1468 urbium,

156 1507 343 1575 domorum
369 1507 601 1597 ingenuarum
630 1506 734 1586 vices,
759 1527 866 1595 opera
889 1514 1092 1586 nautarum,
1118 1505 1200 1596 agri-

157 1619 324 1701 colarum,
350 1619 592 1698 militantium,
619 1619 826 1710 simpliciter
855 1619 898 1688 ad
926 1620 1116 1688 veritatem
1144 1641 1202 1687 ex·

157 1757 276 1826 pressa
289 1757 472 1804 z-verum
498 1742 539 1803 ut
564 1735 632 1803 ista
657 1735 764 1803 missa
789 1735 925 1815 faciam,
952 1758 999 1803 ex
1024 1733 1101 1804 sola
1127 1733 1202 1803 reli-

156 1850 301 1941 gionum
316 1850 350 1918 vi
368 1872 568 1941 augurarer,
581 1849 656 1918 fore
674 1847 872 1917 Homerum
891 1850 1099 1920 brevissimo
1116 1857 1201 1919 tem·

158 1987 242 2056 pore
275 1966 313 2032 in
345 1967 508 2035 manibus
536 1965 695 2033 omnium
725 1967 785 2055 qui
817 1964 940 2034 Graece
965 1965 1111 2044 scirent,
1135 1986 1202 2032 non

157 2079 270 2148 solum
298 2089 442 2171 propter
467 2079 704 2164 excellentem
730 2102 876 2170 poeseos
902 2079 1056 2158 laudem,
1084 2100 1202 2148 verum

157 2195 264 2263 etiam
284 2194 377 2284 quod
396 2195 536 2263 obviam
555 2215 592 2261 se
610 2193 780 2263 offerebat
802 2195 877 2284 ejus
895 2196 1078 2275 memoria,
1096 2202 1138 2261 ut
1157 2193 1203 2260 fa·

157 2310 382 2379 miliarissimi
408 2310 591 2400 cujusdam
618 2319 656 2378 et
680 2308 807 2389 intimi,
834 2331 975 2398 quoquo
1004 2308 1117 2376 ferme
1144 2317 1202 2376 aut

159 2423 280 2494 oculos
301 2433 363 2493 aut
387 2425 619 2516 cogitationes
646 2445 725 2492 suas
752 2431 941 2492 verterent.
991 2423 1111 2491 Immo
1133 2445 1202 2491 cre

159 2540 308 2609 diderim
325 2539 486 2608 umbram
501 2539 677 2628 quandam
695 2538 782 2628 ejus,
796 2538 893 2628 quasi
912 2537 1075 2606 tutelaris
1093 2537 1203 2627 cujus·

158 2656 239 2724 dam
258 2655 374 2736 Genii,
391 2655 435 2723 ad
455 2653 546 2723 latus
564 2676 685 2721 eorum
706 2654 917 2723 adhaesisse:
949 2662 990 2721 ut
1008 2654 1085 2744 ipse
1103 2675 1203 2720 vene-

159 2771 287 2838 randus
305 2770 468 2838 omnibus
482 2777 519 2837 et
536 2778 678 2838 sanctus
691 2770 851 2850 evaserit,
864 2769 964 2858 cujus
978 2790 1110 2836 nomen
1124 2790 1201 2836 cum

158 2907 197 2953 re
214 2908 351 2976 quaque
368 2886 587 2954 sanctissima
603 2892 677 2953 tam
695 2893 792 2954 arcte
810 2885 1038 2975 conjunctum
1057 2893 1160 2952 esset.

210 2999 329 3081 Porro,
347 3023 421 3069 rem
440 3001 490 3068 ita
507 3023 544 3068 se
561 3000 733 3082 habuisse,
753 3009 904 3069 testatur
921 3000 1085 3069 universa
1102 2999 1201 3090 plane

158 3114 361 3184 Graeconrm
379 3115 582 3205 antiquitas.
635 3114 688 3184 Ut
706 3137 818 3205 pauca
835 3115 879 3182 de
896 3113 1019 3184 multis
1031 3114 1200 3194 delibem3

159 3229 288 3299 Poetas
323 3254 445 3300 omnes
478 3254 500 3299 a
534 3231 676 3299 nomine
706 3232 833 3299 summi
871 3230 991 3300 Poetae
1023 3227 1201 3324 Ὁμηρίδαι

157 3345 351 3437 appellatos
378 3347 483 3415 fuisse
513 3369 534 3415 a
563 3345 715 3415 Pindaro
743 3348 929 3415 docemur:
964 3354 1099 3425 contra,
1130 3347 1200 3436 ipse

157 3460 347 3542 Homerus,
373 3462 479 3530 misso
505 3463 647 3530 nomine
673 3463 822 3552 proprio,
841 3461 970 3531 dicitur
995 3461 1200 3552 plerumque

157 3577 175 3644 ὁ
206 3576 362 3657 Ποιῆτης,
393 3600 462 3645 non
489 3578 657 3667 proximis
683 3577 788 3645 modo
815 3577 959 3657 saeculis,
986 3577 1048 3645 sed
1076 3586 1114 3646 et
1142 3600 1201 3668 per

157 3715 262 3760 omne
285 3701 425 3782 tempus
442 3692 647 3762 Graecarum
669 3692 860 3761 literarum.
913 3691 1084 3760 Notiores
1110 3701 1199 3769 sunt,

156 3828 262 3897 quam
280 3814 321 3875 ut
347 3806 540 3876 enarrando
557 3830 659 3876 aures
676 3816 809 3875 vestras
833 3807 937 3875 hodie
956 3806 1115 3898 fatigem,
1133 3806 1200 3874 bis·

156 3920 290 3988 toriolae
308 3921 352 3989 de
370 3932 506 4012 septem
524 3923 669 3991 urbibus
687 3923 795 4003 Asiae,
817 3923 1014 3991 Homerum
1032 3921 1200 3991 acerrime

157 4057 259 4104 suum
278 4036 548 4121 vindicantibus,
566 4039 601 4105 iu
620 4037 747 4106 Tiberii
768 4061 878 4129 usque
902 4046 1060 4108 aetatem.
1113 4036 1200 4119 Quae

156 4151 364 4241 disceptatio
389 4153 456 4221 etsi
474 4161 560 4221 tunc
578 4130 745 4244 temporis
767 4154 810 4222 ad
838 4155 977 4222 inanem
1000 4153 1108 4221 modo
1127 4151 1202 4244 glo·

157 4269 242 4336 riam
278 4268 495 4358 pertinuerit,
527 4268 693 4338 credibile
728 4279 781 4338 est
816 4271 890 4358 ejus
925 4270 1098 4361 principia
1131 4291 1198 4336 nou
