2738 4866
156 337 199 402 74
230 335 382 399 Carmina
396 334 531 420 hagioru
546 337 581 398 io
587 337 759 419 formulam
772 346 905 402 codrum
919 338 1035 404 cedere.
1051 361 1147 405 rann.
1159 363 1201 404 vr.

155 503 273 593 potius
306 524 411 593 quam
451 501 637 585 narrandi3
676 501 798 593 quales
834 505 878 573 de
918 528 1036 574 rerum
1074 515 1202 576 natura

158 615 354 697 Lucretius,
378 616 423 684 de
450 638 613 684 arvorum
640 616 740 686 cultu
754 616 940 710 Virgilius,
963 620 1008 688 de
1033 621 1200 702 moribus,

157 730 202 800 de
218 728 447 820 philosophia,
460 729 505 797 de
522 730 625 799 variis
642 731 776 800 artibus
793 732 907 802 multa
922 731 1028 801 multi
1046 733 1200 802 carmine

157 844 401 934 disputarunt3
438 844 631 912 verendum
660 866 744 913 sane
773 845 952 914 nonnullis
978 846 1132 923 videtur,
1158 867 1202 914 ne

156 958 345 1028 formulam
360 957 412 1027 illi
434 967 590 1028 nostram
614 960 757 1029 omnino
781 970 946 1031 recusent
967 984 1009 1031 ac
1032 961 1201 1052 rejiciant.

158 1072 256 1143 Nam
279 1074 315 1141 in
338 1074 380 1142 iis
403 1073 611 1163 plerumque
629 1083 821 1156 versantur,
840 1097 916 1165 quae
933 1075 1063 1166 partim
1089 1097 1203 1144 remo-

156 1188 247 1258 tiora
280 1197 372 1270 sunt,
403 1189 531 1279 partim
561 1188 768 1280 vulgatiora,
797 1212 903 1280 quam
938 1190 1067 1281 quibus
1101 1189 1202 1259 facile

157 1303 278 1371 credat
307 1301 433 1392 aliquis
462 1301 607 1392 percelli
640 1325 743 1393 posse
772 1302 957 1371 hominum
986 1309 1138 1381 mentes,
1167 1308 1203 1370 et

157 1416 194 1484 iu
218 1438 309 1498 eam,
326 1439 432 1506 quam
450 1417 650 1506 quaerimus,
670 1415 809 1499 Poesin,
827 1418 926 1508 quasi
948 1417 1022 1486 fato
1040 1417 1202 1507 quodam,

158 1530 297 1600 incitari
334 1538 451 1620 atque·
483 1531 605 1622 abripi.
668 1531 796 1621 Itaque
835 1539 899 1601 aut
936 1553 1000 1600 nos
1039 1532 1203 1600 vanitatis

117 1701 122 1708 .
157 1645 266 1738 argui,
279 1632 345 1714 aut
357 1643 574 1726 Lucretium,
589 1653 804 1736 caeterosque
820 1646 857 1715 id
874 1668 996 1738 genus,
1011 1643 1203 1714 Poetamm
1243 1704 1248 1714 .

157 1783 305 1830 numero
322 1761 563 1850 excerpendos
581 1782 658 1830 esse
676 1757 803 1829 aiunt(

208 1873 297 1944 Haec
315 1883 352 1943 et
369 1874 498 1943 similia
515 1875 544 1944 si
562 1864 640 1966 quis
652 1865 807 1968 ingerat,
825 1874 878 1943 ita
900 1873 975 1943 fere
996 1896 1203 1966 responsum

158 1991 191 2058 ei
223 1989 361 2070 ,velimz
402 1990 567 2080 primum,
605 2013 678 2059 non
719 1991 771 2059 ita
807 1988 900 2057 bene
931 1988 1106 2078 judicare,
1145 1988 1202 2079 qui

158 2088 232 2187 tam
255 2104 397 2196 penitus
420 2105 465 2175 ab
489 2106 586 2174 omni
602 2090 762 2197 graviore
785 2104 916 2174 affectu
932 2092 1029 2182 limae
1047 2102 1203 2173 laborem

158 2227 196 2289 et
217 2241 352 2289 moram
380 2221 556 2312 sejungat.
605 2220 701 2303 Quid
724 2222 821 2290 enim
848 2220 977 2311 saepius
1004 2241 1071 2290 usu
1098 2219 1203 2300 venit,

158 2335 284 2404 animis
309 2335 478 2426 majorem
501 2335 539 2403 in
562 2335 710 2403 modum
736 2335 934 2416 commotis,
955 2356 1062 2424 quam
1084 2342 1129 2404 ut
1153 2356 1202 2414 ea,

157 2471 235 2539 quae
269 2449 360 2518 forte
390 2450 592 2540 scripserint
622 2449 794 2531 homines,
822 2450 954 2517 iterum
980 2456 1111 2539 putent
1140 2449 1204 2518 ite-

159 2586 308 2654 rumque
331 2563 540 2656 relegenda3
567 2564 713 2657 singulis
734 2586 833 2655 paene
851 2564 967 2633 verbis
990 2561 1203 2645 inhaereant3

158 2667 331 2759 minuant,
359 2687 525 2770 augeant,
550 2679 743 2749 immutent
773 2679 914 2760 omnia;
944 2675 1044 2746 nulla
1068 2677 1203 2747 ratione

159 2795 244 2864 satis
260 2794 326 2864 sibi
343 2793 534 2885 placeant?
1194 2881 1201 2889 .

162 2922 165 2928 “
227 2908 378 2991 Deinde,
408 2909 502 2998 quod
537 2910 662 3000 saepius
703 2909 844 2978 evenire
882 2909 993 2989 aiunt,
1027 2912 1070 2974 ut
1106 2891 1204 2997 Epici

158 3023 341 3116 Tragicive
372 3024 535 3092 carminis
569 3031 820 3115 argumentum
850 3023 895 3091 ab
925 3021 1001 3113 ipso
1036 3019 1205 3111 scriptore

158 3139 362 3231 longissime
386 3139 431 3206 sit
449 3138 685 3228 disjunctum:
712 3160 784 3205 non
806 3136 912 3227 plane
934 3135 1113 3205 nescimus
1131 3157 1205 3224 quae

159 3253 231 3321 sint
247 3253 445 3320 animorum
463 3251 647 3342 contagia3
670 3272 775 3340 quam
794 3249 882 3317 nihil
900 3248 1041 3317 intersit
1057 3249 1205 3340 generis,

159 3367 339 3457 temporis,
357 3365 437 3446 loci,
460 3375 650 3457 postquam
676 3364 786 3434 semel
812 3372 874 3432 aut
894 3362 1093 3432 ridentibus
1119 3363 1207 3433 adri·

160 3481 316 3551 dendum
337 3489 400 3550 aut
420 3479 588 3550 flentibus
611 3478 814 3549 adficndunr
839 3475 981 3547 Natura
997 3479 1204 3548 decreverit.

161 3596 274 3679 Num,
298 3596 358 3687 qui
383 3596 532 3664 theatris
562 3602 762 3686 spectatum
788 3593 946 3674 veniunt,
973 3595 1109 3663 tardius
1134 3593 1206 3662 irri³

160 3720 293 3790 tantur,
311 3709 526 3793 mulcentur,
542 3717 730 3802 anguntur,
749 3708 916 3798 quoniam
934 3707 1069 3777 scilicet
1087 3709 1132 3778 ad
1149 3728 1207 3776 eos

159 3827 249 3896 nihil
266 3827 442 3919 pertineat
459 3835 522 3894 aut
539 3824 655 3894 Caesar
671 3832 733 3913 aut
750 3821 900 3913 OEdipus
917 3829 980 3891 aut
997 3822 1155 3912 quisquis
1172 3823 1207 3890 in

160 3964 302 4011 scenam
325 3940 499 4031 prodeat?
561 3939 615 4009 Ut
632 3962 678 4009 ne
701 3939 759 4007 cui
785 3921 915 4005 mirum
939 3958 1015 4005 esse
1037 3937 1206 4018 videatur,

159 4064 296 4125 actores
316 4057 409 4146 ipsos
427 4055 485 4123 vel
504 4055 634 4124 Poetas
656 4053 744 4124 nihil
768 4076 790 4122 a
813 4074 850 4121 se
874 4050 1030 4120 alienum
1054 4060 1205 4149 putasse,

55 4187 58 4193 '
160 4171 254 4264 quod
272 4168 433 4263 flagranti
450 4170 569 4238 animo
586 4169 679 4238 foret
696 4167 863 4238 subsidio.

211 4285 396 4354 Postremo
416 4308 462 4353 ne
485 4285 529 4353 ad
553 4284 777 4375 physicomm
799 4288 913 4352 castra
929 4278 1112 4372 relegandi
1137 4282 1204 4352 sint
