2738 4866
154 247 249 287 nunu.
264 246 344 289 xvu.
416 225 525 288 Persas
539 223 576 287 ab
589 222 735 305 AEsotyb
749 243 808 285 non
822 221 961 284 irrideri.
1135 220 1199 281 305

153 403 206 464 tot
223 401 359 486 gentes,
374 408 521 483 quarum
537 391 697 461 temrinis
714 391 763 460 ibi
781 390 948 460 definitur
961 389 1089 458 summi
1108 388 1199 479 regis

153 509 352 600 imperium.

202 625 400 703 Postremo,
418 644 487 689 non
515 620 680 711 equidem
705 620 838 689 inficias
864 620 998 699 iverim,
1016 621 1200 689 molestius

152 737 414 830 quodammodo
441 736 545 804 ferire
570 758 671 804 aures
689 736 888 826 fragmenta
912 735 973 803 illa
995 736 1201 814 naeniarum,

152 876 214 923 seu
249 851 405 932 κόμματα
441 850 537 941 (quae
574 856 715 940 vorant)
750 851 877 940 quibus
907 872 944 918 se
974 849 1124 917 invicem
1156 850 1199 916 ad

153 965 278 1036 fletum
313 975 517 1056 provocant,
548 966 613 1035 sub
648 966 718 1034 fine
752 965 953 1056 Tragoediaa,
989 962 1130 1032 Xerxes
1165 972 1201 1031 et

154 1082 285 1151 ohorioi
307 1104 419 1150 senes.
472 1080 604 1170 Neque
627 1090 749 1149 tumen
775 1080 879 1149 facile
904 1080 991 1148 mihi
1016 1080 1202 1171 quisquam

154 1197 392 1289 persuadebit,
425 1194 585 1266 adhiberi
620 1195 688 1264 ista
722 1195 842 1264 dedita
875 1217 981 1285 opera
1014 1196 1058 1263 ad
1093 1195 1202 1262 risum

155 1312 286 1382 theatri
304 1314 532 1392 movendum,
546 1333 629 1380 oum
639 1309 776 1379 videam
793 1311 917 1379 eadem
935 1309 1039 1401 plane
1053 1309 1204 1378 formula

155 1427 392 1519 querimonias
425 1437 463 1496 et
506 1426 623 1496 luctus
662 1426 699 1495 in
739 1425 816 1494 aliis
851 1449 991 1516 quoque
1025 1426 1203 1518 tragoediis

156 1552 306 1624 exstare,
325 1542 385 1611 ubi
412 1541 530 1610 nullus
552 1541 695 1610 omnino
718 1540 817 1610 locus
839 1549 915 1610 erat
941 1543 1087 1610 ridendi.
1140 1538 1205 1612 Vi-

157 1659 262 1727 detur
286 1666 408 1727 autem
433 1658 597 1725 universa
619 1660 685 1724 τῶν
710 1652 887 1736 κομμάτων
912 1658 1000 1726 ratio
1022 1657 1134 1747 magis
1159 1658 1203 1724 ad

157 1782 319 1843 cantores
336 1794 441 1863 quam
459 1773 504 1840 nd
527 1772 658 1841 Poetas
675 1771 894 1862 pertinuisse.
947 1771 1003 1839 De
1022 1772 1145 1852 verbio,
1164 1782 1205 1840 ut

158 1888 291 1979 opinor,
315 1910 386 1956 non
407 1886 562 1956 multum
588 1886 638 1955 ibi
663 1886 892 1969 laborabant3
920 1888 1076 1955 numeris
1096 1887 1207 1955 tribu*

159 2002 286 2073 ebatur
303 2000 417 2070 omnis
435 2024 518 2070 eura
535 2009 573 2070 et
590 2002 758 2071 studium.

210 2115 329 2198 Quare
356 2117 416 2206 qui
440 2115 527 2184 velit
557 2117 700 2185 omnino
727 2117 853 2184 Persas
880 2117 974 2206 apud
1000 2114 1205 2207 AEsehylum

160 2231 313 2301 ludibrio
330 2230 462 2312 haberi,
480 2232 510 2300 is
527 2253 671 2301 necesse
689 2239 832 2300 estnon
850 2240 992 2300 maneat
1009 2233 1045 2299 in
1064 2227 1209 2323 singulis

160 2347 328 2427 versibus,
341 2344 409 2439 sed
436 2346 599 2416 acerbam
621 2346 797 2438 quandam
824 2347 972 2417 ironiam
991 2341 1068 2417 tota
1090 2346 1210 2416 fabula

161 2461 311 2531 diffundi
330 2463 479 2554 judicet-
533 2461 624 2545 Quae
651 2463 765 2554 primo
791 2463 995 2553 conjectura
1021 2472 1076 2530 est
1101 2477 1209 2542 mera,

161 2584 200 2644 et
226 2598 269 2644 ea
289 2576 432 2665 quidem
458 2576 691 2669 frigidissima,
711 2589 792 2645 eum
819 2575 951 2645 nullam
978 2576 1108 2646 habeat
1135 2600 1212 2667 spe·

161 2690 255 2759 oiem
278 2690 461 2780 retiquae
483 2690 685 2784 legentibus
709 2691 802 2760 ultro
824 2713 861 2760 se
882 2691 1017 2762 offerat.
1070 2692 1210 2760 Deinde

162 2803 223 2872 vix
258 2804 326 2872 diei
356 2814 486 2895 potest,
521 2829 627 2897 quam
663 2806 767 2898 longe
801 2805 988 2875 abhorreat
1021 2807 1089 2875 ista
1123 2807 1212 2875 ratio

162 2917 208 2987 ab
238 2918 357 2988 indole
385 2919 574 3010 animoque
601 2921 810 2991 severissimi
835 2922 992 2989 omnium
1024 2922 1211 3011 scriptoris.

164 3032 383 3126 AEsehylum,
414 3058 485 3103 non
511 3036 618 3104 modo
645 3030 806 3117 Poetam‚
837 3053 960 3105 verum
993 3028 1099 3105 etiam
1136 3060 1214 3128 gra-

163 3146 317 3216 vissimae
359 3157 468 3218 sectae
505 3149 772 3241 Philosophum,
802 3150 925 3240 jocari,
965 3173 1063 3219 more
1103 3151 1213 3219 ferme

164 3259 450 3352 Aristophanieo,
469 3264 507 3330 in
523 3286 567 3332 en
583 3287 633 3345 re,
650 3285 720 3355 qun
737 3265 987 3333 contineantur
1010 3289 1080 3334 non
1098 3265 1211 3334 solum

164 3373 389 3443 Athenarum
409 3376 562 3448 fortunae
585 3380 647 3447 sed
668 3387 706 3446 et
729 3379 882 3447 universi
900 3390 1073 3448 terrarum
1098 3378 1214 3448 orbis!

167 3488 278 3559 Miles
301 3512 383 3558 oum
405 3491 522 3571 fuerit,
541 3501 579 3561 et
601 3492 713 3585 gloria.
737 3491 882 3561 militari
901 3502 1056 3574 omatuS,
1080 3488 1213 3562 irrideri

165 3605 210 3673 nb
224 3628 267 3673 eo
286 3606 377 3674 viros
394 3606 513 3687 fortes,
532 3609 608 3698 ejus
625 3630 732 3699 opera
749 3609 907 3676 devictos
924 3617 961 3676 et
978 3608 1137 3701 fugatos!
1166 3610 1214 3678 Et

165 3720 261 3809 quod
278 3720 437 3789 omnium
450 3723 646 3791 maximum
662 3730 726 3803 est,
742 3722 857 3792 cultor
871 3725 929 3813 qui
945 3731 1038 3793 esset
1055 3724 1214 3792 assiduus

166 3831 336 3915 Deorum,
355 3843 393 3904 et
410 3835 638 3927 religionibus
659 3859 705 3905 ex
728 3839 846 3906 animo
865 3839 1015 3918 deditus,
1032 3836 1215 3929 pueriliter

165 3969 249 4016 eum
276 3947 398 4017 ludere
424 3956 461 4017 et
487 3949 653 4031 cavillari,
675 3972 745 4040 quo
770 3960 930 4042 ternpore
959 3953 1055 4040 (nam
1081 3952 1109 4020 is
1132 3952 1216 4021 Tra-

165 4061 294 4154 goediae
320 4064 430 4133 totius
456 4073 510 4134 est
535 4068 652 4157 tenor)
680 4065 758 4134 Diis
784 4068 930 4158 agendae
958 4075 1058 4136 erant
1083 4069 1214 4159 gratiae,

164 4177 333 4259 delubris,
352 4179 526 4263 domibus,
544 4202 582 4248 re
599 4179 695 4246 omni
712 4179 855 4269 publiea
872 4179 1039 4248 servatis!

676 4312 701 4359 x
